%% This BibTeX bibliography file was created using BibDesk.
%% http://bibdesk.sourceforge.net/

%% Created for Eileen Blum at 2019-05-07 16:13:24 -0400 


%% Saved with string encoding Unicode (UTF-8) 



@misc{blum2019,
	Author = {Eileen Blum},
	Date-Added = {2019-05-07 16:06:29 -0400},
	Date-Modified = {2019-05-07 16:13:24 -0400},
	Howpublished = {Qualifying Paper. Rutgers University},
	Title = {On the locality of vowel harmony over multi-tiered autosegmental representations},
	Year = {2019}}

@inbook{chandleelindell,
	Author = {Jane Chandlee and Steven Lindell},
	Date-Added = {2019-05-03 17:54:04 -0400},
	Date-Modified = {2019-05-03 17:56:37 -0400},
	Editor = {Jeffrey Heinz},
	Publisher = {OUP},
	Title = {A logical characterization of strictly local functions},
	Year = {forthcoming}}

@article{chandleejardine2019,
	Author = {Jane Chandlee and Adam Jardine},
	Date-Added = {2019-05-03 17:51:31 -0400},
	Date-Modified = {2019-05-04 00:16:50 -0400},
	Howpublished = {unpublished ms.},
	Note = {Haverford College and Rutgers University},
	Title = {Quantifier-free monadic least-fixed point transductions and sequential functions},
	Year = {2019}}

@book{libkin2012,
	Author = {Leonid Libkin},
	Date-Added = {2019-05-03 17:43:04 -0400},
	Date-Modified = {2019-05-06 15:37:28 -0400},
	Publisher = {Springer},
	Title = {Elements of Finite Model Theory},
	Year = {2012},
	Bdsk-File-1 = {YnBsaXN0MDDSAQIDBFxyZWxhdGl2ZVBhdGhZYWxpYXNEYXRhXxA1Li4vLi4vLi4vLi4vLlRyYXNoL0xpYmtpbjIwMTItZmluaXRlbW9kZWx0aGVvcnktMS5wZGZPEQHEAAAAAAHEAAIAAAxNYWNpbnRvc2ggSEQAAAAAAAAAAAAAAAAAAADRUumMSCsAAAPvABQfTGlia2luMjAxMi1maW5pdGVtbyM0MUEzMTkxLnBkZgAAAAAAAAAAAAAAAAAAAAAAAAAAAAAAAAAAAAAAAAAABBoxkdjufm8AAAAAAAAAAAAEAAIAAAkgAAAAAAAAAAAAAAAAAAAABi5UcmFzaAAQAAgAANFTIcwAAAARAAgAANjutq8AAAABAAwD7wAUAAmkNQACmDcAAgBETWFjaW50b3NoIEhEOlVzZXJzOgBsYWR5YnVnOgAuVHJhc2g6AExpYmtpbjIwMTItZmluaXRlbW8jNDFBMzE5MS5wZGYADgBGACIATABpAGIAawBpAG4AMgAwADEAMgAtAGYAaQBuAGkAdABlAG0AbwBkAGUAbAB0AGgAZQBvAHIAeQAtADEALgBwAGQAZgAPABoADABNAGEAYwBpAG4AdABvAHMAaAAgAEgARAASADdVc2Vycy9sYWR5YnVnLy5UcmFzaC9MaWJraW4yMDEyLWZpbml0ZW1vZGVsdGhlb3J5LTEucGRmAAATAAEvAAAVAAIADv//AAAACAANABoAJABcAAAAAAAAAgEAAAAAAAAABQAAAAAAAAAAAAAAAAAAAiQ=}}

@inproceedings{koseretal2019,
	Address = {Washington DC},
	Author = {Nathan Koser and Chris Oakden and Adam Jardine},
	Booktitle = {Proceedings of the 2018 Annual Meeting on Phonology},
	Date-Added = {2019-03-28 15:44:25 -0400},
	Date-Modified = {2019-03-28 15:47:42 -0400},
	Editor = {Katherine Hout and Anna Mai and Adam McCollum and Sharon Rose and Matt Zaslansky},
	Organization = {Linguistics Society of America},
	Title = {Tone association and output locality in non-linear structures},
	Year = {2019},
	Bdsk-File-1 = {YnBsaXN0MDDSAQIDBFxyZWxhdGl2ZVBhdGhZYWxpYXNEYXRhXxAtLi4vLi4vUmVzb3VyY2VzL2tvc2VyZXRhbDIwMTktdG9uZW1hcHBpbmcucGRmTxEB8AAAAAAB8AACAAAMTWFjaW50b3NoIEhEAAAAAAAAAAAAAAAAAAAA0VLpjEgrAAADFG/nHWtvc2VyZXRhbDIwMTktdG9uZW1hcHBpbmcucGRmAAAAAAAAAAAAAAAAAAAAAAAAAAAAAAAAAAAAAAAAAAAAAAP1dUfYwpwxAAAAAAAAAAAAAgACAAAJIAAAAAAAAAAAAAAAAAAAAAlSZXNvdXJjZXMAABAACAAA0VMhzAAAABEACAAA2MLUcQAAAAEAFAMUb+cDzEZzAAng8gAJpDUAApg3AAIAXE1hY2ludG9zaCBIRDpVc2VyczoAbGFkeWJ1ZzoARHJvcGJveDoARGlzc2VydGF0aW9uOgBSZXNvdXJjZXM6AGtvc2VyZXRhbDIwMTktdG9uZW1hcHBpbmcucGRmAA4APAAdAGsAbwBzAGUAcgBlAHQAYQBsADIAMAAxADkALQB0AG8AbgBlAG0AYQBwAHAAaQBuAGcALgBwAGQAZgAPABoADABNAGEAYwBpAG4AdABvAHMAaAAgAEgARAASAEpVc2Vycy9sYWR5YnVnL0Ryb3Bib3gvRGlzc2VydGF0aW9uL1Jlc291cmNlcy9rb3NlcmV0YWwyMDE5LXRvbmVtYXBwaW5nLnBkZgATAAEvAAAVAAIADv//AAAACAANABoAJABUAAAAAAAAAgEAAAAAAAAABQAAAAAAAAAAAAAAAAAAAkg=}}

@article{lai2015,
	Author = {Regine Lai},
	Date-Added = {2019-03-25 20:38:21 -0400},
	Date-Modified = {2019-03-25 20:39:36 -0400},
	Journal = {Linguistic Inquiry},
	Month = {Summer},
	Number = {3},
	Pages = {425-451},
	Title = {Learnable vs. unlearnable harmony patterns},
	Volume = {46},
	Year = {2015}}

@article{akinlabi2009,
	Author = {Akinbiyi Akinlabi},
	Date-Added = {2019-03-19 19:38:39 -0400},
	Date-Modified = {2019-03-19 19:39:38 -0400},
	Journal = {Canadian Journal of Linguistics},
	Number = {2},
	Pages = {197-228},
	Title = {Neutral vowels in Lokaa harmony},
	Volume = {59},
	Year = {2009}}

@article{hayes1990,
	Author = {Bruce Hayes},
	Date-Added = {2019-03-19 19:13:08 -0400},
	Date-Modified = {2019-03-19 19:14:06 -0400},
	Journal = {Phonology},
	Number = {1},
	Pages = {31-71},
	Title = {Diphthongization and coindexing},
	Volume = {7},
	Year = {1990},
	Bdsk-File-1 = {YnBsaXN0MDDSAQIDBFxyZWxhdGl2ZVBhdGhZYWxpYXNEYXRhXxA3Li4vLi4vUmVzb3VyY2VzL1Zvd2VsIEhhcm1vbnkvSGF5ZXMxOTkwLWJvdHRsZWJydXNoLnBkZk8RAgYAAAAAAgYAAgAADE1hY2ludG9zaCBIRAAAAAAAAAAAAAAAAAAAANFS6YxIKwAAAyVrUBlIYXllczE5OTAtYm90dGxlYnJ1c2gucGRmAAAAAAAAAAAAAAAAAAAAAAAAAAAAAAAAAAAAAAAAAAAAAAAAAAAEGfU42PHt/QAAAAAAAAAAAAIAAwAACSAAAAAAAAAAAAAAAAAAAAANVm93ZWwgSGFybW9ueQAAEAAIAADRUyHMAAAAEQAIAADY8iY9AAAAAQAYAyVrUAMUb+cDzEZzAAng8gAJpDUAApg3AAIAZ01hY2ludG9zaCBIRDpVc2VyczoAbGFkeWJ1ZzoARHJvcGJveDoARGlzc2VydGF0aW9uOgBSZXNvdXJjZXM6AFZvd2VsIEhhcm1vbnk6AEhheWVzMTk5MC1ib3R0bGVicnVzaC5wZGYAAA4ANAAZAEgAYQB5AGUAcwAxADkAOQAwAC0AYgBvAHQAdABsAGUAYgByAHUAcwBoAC4AcABkAGYADwAaAAwATQBhAGMAaQBuAHQAbwBzAGgAIABIAEQAEgBUVXNlcnMvbGFkeWJ1Zy9Ecm9wYm94L0Rpc3NlcnRhdGlvbi9SZXNvdXJjZXMvVm93ZWwgSGFybW9ueS9IYXllczE5OTAtYm90dGxlYnJ1c2gucGRmABMAAS8AABUAAgAO//8AAAAIAA0AGgAkAF4AAAAAAAACAQAAAAAAAAAFAAAAAAAAAAAAAAAAAAACaA==}}

@unpublished{blum2018,
	Author = {Eileen Blum},
	Date-Added = {2019-03-12 15:50:53 -0400},
	Date-Modified = {2019-03-12 15:52:59 -0400},
	Note = {Qualifying paper},
	Title = {On the locality of vowel harmony of multi-tiered autosegmental representations},
	Year = {2018},
	Bdsk-File-1 = {YnBsaXN0MDDSAQIDBFxyZWxhdGl2ZVBhdGhZYWxpYXNEYXRhXxAuLi4vLi4vLi4vUVAyL3Zvd2VsaGFybW9ueV9xcDIvcXAyL2JsdW0tcXAyLnBkZk8RAbAAAAAAAbAAAgAADE1hY2ludG9zaCBIRAAAAAAAAAAAAAAAAAAAANFS6YxIKwAAA2rw1QxibHVtLXFwMi5wZGYAAAAAAAAAAAAAAAAAAAAAAAAAAAAAAAAAAAAAAAAAAAAAAAAAAAAAAAAAAAAAAAAAAAAD2BVK2HidtAAAAAAAAAAAAAMABAAACSAAAAAAAAAAAAAAAAAAAAADcXAyAAAQAAgAANFTIcwAAAARAAgAANh45AQAAAABABgDavDVAzLKRgKEP68ACeDyAAmkNQACmDcAAgBOTWFjaW50b3NoIEhEOlVzZXJzOgBsYWR5YnVnOgBEcm9wYm94OgBRUDI6AHZvd2VsaGFybW9ueV9xcDI6AHFwMjoAYmx1bS1xcDIucGRmAA4AGgAMAGIAbAB1AG0ALQBxAHAAMgAuAHAAZABmAA8AGgAMAE0AYQBjAGkAbgB0AG8AcwBoACAASABEABIAO1VzZXJzL2xhZHlidWcvRHJvcGJveC9RUDIvdm93ZWxoYXJtb255X3FwMi9xcDIvYmx1bS1xcDIucGRmAAATAAEvAAAVAAIADv//AAAACAANABoAJABVAAAAAAAAAgEAAAAAAAAABQAAAAAAAAAAAAAAAAAAAgk=}}

@inproceedings{chandleejardineaisl,
	Author = {Jane Chandlee and Adam Jardine},
	Booktitle = {Transactions of the Association for Computational Linguistics},
	Date-Added = {2019-03-12 13:12:22 -0400},
	Date-Modified = {2019-05-04 00:22:50 -0400},
	Pages = {157-168},
	Publisher = {MIT Press},
	Title = {Autosegmental input strictly local functions},
	Volume = {7},
	Year = {2019},
	Bdsk-File-1 = {YnBsaXN0MDDSAQIDBFxyZWxhdGl2ZVBhdGhZYWxpYXNEYXRhXxBXLi4vLi4vLi4vRG9jdW1lbnRzL1J1dGdlcnNDb3Vyc2VzL1Bob25vIFNlbWluYXIgUzE5L2NoYW5kbGVlamFyZGluZWlwLWFpc2xmdW5jdGlvbnMucGRmTxECOgAAAAACOgACAAAMTWFjaW50b3NoIEhEAAAAAAAAAAAAAAAAAAAA0VLpjEgrAAAD1Zh0H2NoYW5kbGVlamFyZGluZWlwLWEjM0UxMUI1RS5wZGYAAAAAAAAAAAAAAAAAAAAAAAAAAAAAAAAAAAAAAAAAAAPhG17YmHVJAAAAAAAAAAAAAwAEAAAJIAAAAAAAAAAAAAAAAAAAABFQaG9ubyBTZW1pbmFyIFMxOQAAEAAIAADRUyHMAAAAEQAIAADYmLuZAAAAAQAYA9WYdAAtWTAACeMMAAng8gAJpDUAApg3AAIAc01hY2ludG9zaCBIRDpVc2VyczoAbGFkeWJ1ZzoARHJvcGJveDoARG9jdW1lbnRzOgBSdXRnZXJzQ291cnNlczoAUGhvbm8gU2VtaW5hciBTMTk6AGNoYW5kbGVlamFyZGluZWlwLWEjM0UxMUI1RS5wZGYAAA4ASAAjAGMAaABhAG4AZABsAGUAZQBqAGEAcgBkAGkAbgBlAGkAcAAtAGEAaQBzAGwAZgB1AG4AYwB0AGkAbwBuAHMALgBwAGQAZgAPABoADABNAGEAYwBpAG4AdABvAHMAaAAgAEgARAASAGRVc2Vycy9sYWR5YnVnL0Ryb3Bib3gvRG9jdW1lbnRzL1J1dGdlcnNDb3Vyc2VzL1Bob25vIFNlbWluYXIgUzE5L2NoYW5kbGVlamFyZGluZWlwLWFpc2xmdW5jdGlvbnMucGRmABMAAS8AABUAAgAO//8AAAAIAA0AGgAkAH4AAAAAAAACAQAAAAAAAAAFAAAAAAAAAAAAAAAAAAACvA==}}

@book{walker2011,
	Author = {Rachel Walker},
	Date-Added = {2019-03-12 13:03:52 -0400},
	Date-Modified = {2019-03-12 13:07:56 -0400},
	Publisher = {Cambridge University Press},
	Title = {Vowel patterns in language},
	Volume = {130},
	Year = {2011}}

@phdthesis{chandlee2014,
	Author = {Jane Chandlee},
	Date-Added = {2019-03-06 02:43:32 -0500},
	Date-Modified = {2019-03-06 02:45:07 -0500},
	School = {University of Delaware},
	Title = {Strictly local phonological processes},
	Year = {2014},
	Bdsk-File-1 = {YnBsaXN0MDDSAQIDBFxyZWxhdGl2ZVBhdGhZYWxpYXNEYXRhXxA1Li4vLi4vUmVzb3VyY2VzL0NoYW5kbGVlMjAxNC1TTHBob25wcm9jZXNzZXNfZGlzcy5wZGZPEQIKAAAAAAIKAAIAAAxNYWNpbnRvc2ggSEQAAAAAAAAAAAAAAAAAAADRUumMSCsAAAMUb+cfQ2hhbmRsZWUyMDE0LVNMcGhvbiMzRDc1QzJELnBkZgAAAAAAAAAAAAAAAAAAAAAAAAAAAAAAAAAAAAAAAAAAA9dcLdh2F70AAAAAAAAAAAACAAIAAAkgAAAAAAAAAAAAAAAAAAAACVJlc291cmNlcwAAEAAIAADRUyHMAAAAEQAIAADYdl4NAAAAAQAUAxRv5wPMRnMACeDyAAmkNQACmDcAAgBeTWFjaW50b3NoIEhEOlVzZXJzOgBsYWR5YnVnOgBEcm9wYm94OgBEaXNzZXJ0YXRpb246AFJlc291cmNlczoAQ2hhbmRsZWUyMDE0LVNMcGhvbiMzRDc1QzJELnBkZgAOAEwAJQBDAGgAYQBuAGQAbABlAGUAMgAwADEANAAtAFMATABwAGgAbwBuAHAAcgBvAGMAZQBzAHMAZQBzAF8AZABpAHMAcwAuAHAAZABmAA8AGgAMAE0AYQBjAGkAbgB0AG8AcwBoACAASABEABIAUlVzZXJzL2xhZHlidWcvRHJvcGJveC9EaXNzZXJ0YXRpb24vUmVzb3VyY2VzL0NoYW5kbGVlMjAxNC1TTHBob25wcm9jZXNzZXNfZGlzcy5wZGYAEwABLwAAFQACAA7//wAAAAgADQAaACQAXAAAAAAAAAIBAAAAAAAAAAUAAAAAAAAAAAAAAAAAAAJq}}

@unpublished{mccollumetal2018,
	Author = {Adam McCollum and Eric Bakovic and Anna Mai and Eric Meinhardt},
	Date-Added = {2019-03-06 02:32:31 -0500},
	Date-Modified = {2019-03-06 02:37:03 -0500},
	Month = {September},
	Title = {The expressivity of segmental phonology and the definition of weak determinism},
	Year = {2018},
	Bdsk-File-1 = {YnBsaXN0MDDSAQIDBFxyZWxhdGl2ZVBhdGhZYWxpYXNEYXRhXxBILi4vLi4vUmVzb3VyY2VzL01jY29sbHVtQmFrb3ZpY01haU1laW5oYXJkdDIwMTgtZXhwcmVzc3NlZ21lbnRwaG9ud2QucGRmTxECRAAAAAACRAACAAAMTWFjaW50b3NoIEhEAAAAAAAAAAAAAAAAAAAA0VLpjEgrAAADFG/nH01jY29sbHVtQmFrb3ZpY01haU0jM0FCREM4Qy5wZGYAAAAAAAAAAAAAAAAAAAAAAAAAAAAAAAAAAAAAAAAAAAOr3IzX49MvAAAAAAAAAAAAAgACAAAJIAAAAAAAAAAAAAAAAAAAAAlSZXNvdXJjZXMAABAACAAA0VMhzAAAABEACAAA1+QLbwAAAAEAFAMUb+cDzEZzAAng8gAJpDUAApg3AAIAXk1hY2ludG9zaCBIRDpVc2VyczoAbGFkeWJ1ZzoARHJvcGJveDoARGlzc2VydGF0aW9uOgBSZXNvdXJjZXM6AE1jY29sbHVtQmFrb3ZpY01haU0jM0FCREM4Qy5wZGYADgByADgATQBjAGMAbwBsAGwAdQBtAEIAYQBrAG8AdgBpAGMATQBhAGkATQBlAGkAbgBoAGEAcgBkAHQAMgAwADEAOAAtAGUAeABwAHIAZQBzAHMAcwBlAGcAbQBlAG4AdABwAGgAbwBuAHcAZAAuAHAAZABmAA8AGgAMAE0AYQBjAGkAbgB0AG8AcwBoACAASABEABIAZVVzZXJzL2xhZHlidWcvRHJvcGJveC9EaXNzZXJ0YXRpb24vUmVzb3VyY2VzL01jY29sbHVtQmFrb3ZpY01haU1laW5oYXJkdDIwMTgtZXhwcmVzc3NlZ21lbnRwaG9ud2QucGRmAAATAAEvAAAVAAIADv//AAAACAANABoAJABvAAAAAAAAAgEAAAAAAAAABQAAAAAAAAAAAAAAAAAAArc=}}

@inproceedings{heinzlai2013,
	Author = {Jeffrey Heinz and Regine Lai},
	Booktitle = {Proceedings of the 13th Meeting on the Mathematics of Language (MoL 13)},
	Date-Added = {2019-03-06 02:13:31 -0500},
	Date-Modified = {2019-03-06 02:16:23 -0500},
	Organization = {Association for Computational Linguistics},
	Pages = {52-63},
	Title = {Vowel harmony and subsequentiality},
	Year = {2013},
	Bdsk-File-1 = {YnBsaXN0MDDSAQIDBFxyZWxhdGl2ZVBhdGhZYWxpYXNEYXRhXxAyLi4vLi4vUmVzb3VyY2VzL1Zvd2VsIEhhcm1vbnkvSGVpbnpMYWkyMDEzLVZIUy5wZGZPEQHyAAAAAAHyAAIAAAxNYWNpbnRvc2ggSEQAAAAAAAAAAAAAAAAAAADRUumMSCsAAAMla1AUSGVpbnpMYWkyMDEzLVZIUy5wZGYAAAAAAAAAAAAAAAAAAAAAAAAAAAAAAAAAAAAAAAAAAAAAAAAAAAAAAAAAAoSV5dVbAUIAAAAAAAAAAAACAAMAAAkgAAAAAAAAAAAAAAAAAAAADVZvd2VsIEhhcm1vbnkAABAACAAA0VMhzAAAABEACAAA1Vs5ggAAAAEAGAMla1ADFG/nA8xGcwAJ4PIACaQ1AAKYNwACAGJNYWNpbnRvc2ggSEQ6VXNlcnM6AGxhZHlidWc6AERyb3Bib3g6AERpc3NlcnRhdGlvbjoAUmVzb3VyY2VzOgBWb3dlbCBIYXJtb255OgBIZWluekxhaTIwMTMtVkhTLnBkZgAOACoAFABIAGUAaQBuAHoATABhAGkAMgAwADEAMwAtAFYASABTAC4AcABkAGYADwAaAAwATQBhAGMAaQBuAHQAbwBzAGgAIABIAEQAEgBPVXNlcnMvbGFkeWJ1Zy9Ecm9wYm94L0Rpc3NlcnRhdGlvbi9SZXNvdXJjZXMvVm93ZWwgSGFybW9ueS9IZWluekxhaTIwMTMtVkhTLnBkZgAAEwABLwAAFQACAA7//wAAAAgADQAaACQAWQAAAAAAAAIBAAAAAAAAAAUAAAAAAAAAAAAAAAAAAAJP}}

@inproceedings{rogersetal2010,
	Author = {James Rogers and Jeffrey Heinz and Gil Bailey and Matt Edlefsen and Molly Visscher and David Wellcome and Sean Wibel},
	Booktitle = {The Mathematics of Language},
	Date-Added = {2019-02-18 19:42:33 -0500},
	Date-Modified = {2019-02-18 19:56:36 -0500},
	Editor = {Christian Ebert and Gerhard J{\"a}ger and Jens Michaelis},
	Pages = {255-265},
	Publisher = {Springer, Berlin, Heidelberg},
	Series = {Lecture Notes in Computer Science},
	Title = {On Languages Piecewise Testable in the Strict Sense},
	Volume = {6149},
	Year = {2010},
	Bdsk-File-1 = {YnBsaXN0MDDSAQIDBFxyZWxhdGl2ZVBhdGhZYWxpYXNEYXRhXxA0Li4vLi4vUmVzb3VyY2VzL1JvZ2Vyc2V0YWwyMDEwLXBpZWNld2lzZXRlc3RhYmxlLnBkZk8RAggAAAAAAggAAgAADE1hY2ludG9zaCBIRAAAAAAAAAAAAAAAAAAAANFS6YxIKwAAAxRv5x9Sb2dlcnNldGFsMjAxMC1waWVjIzNERUFEN0EucGRmAAAAAAAAAAAAAAAAAAAAAAAAAAAAAAAAAAAAAAAAAAAD3q162JC60QAAAAAAAAAAAAIAAgAACSAAAAAAAAAAAAAAAAAAAAAJUmVzb3VyY2VzAAAQAAgAANFTIcwAAAARAAgAANiRASEAAAABABQDFG/nA8xGcwAJ4PIACaQ1AAKYNwACAF5NYWNpbnRvc2ggSEQ6VXNlcnM6AGxhZHlidWc6AERyb3Bib3g6AERpc3NlcnRhdGlvbjoAUmVzb3VyY2VzOgBSb2dlcnNldGFsMjAxMC1waWVjIzNERUFEN0EucGRmAA4ASgAkAFIAbwBnAGUAcgBzAGUAdABhAGwAMgAwADEAMAAtAHAAaQBlAGMAZQB3AGkAcwBlAHQAZQBzAHQAYQBiAGwAZQAuAHAAZABmAA8AGgAMAE0AYQBjAGkAbgB0AG8AcwBoACAASABEABIAUVVzZXJzL2xhZHlidWcvRHJvcGJveC9EaXNzZXJ0YXRpb24vUmVzb3VyY2VzL1JvZ2Vyc2V0YWwyMDEwLXBpZWNld2lzZXRlc3RhYmxlLnBkZgAAEwABLwAAFQACAA7//wAAAAgADQAaACQAWwAAAAAAAAIBAAAAAAAAAAUAAAAAAAAAAAAAAAAAAAJn}}

@inbook{mcnaughtonpapert1971,
	Author = {Robert McNaughton and Seymour Papert},
	Date-Added = {2019-02-18 19:33:18 -0500},
	Date-Modified = {2019-02-18 19:35:44 -0500},
	Number = {65},
	Publisher = {Cambridge, Mass., MIT Press},
	Series = {MIT research monographs},
	Title = {Counter-free automata},
	Year = {1971}}

@inbook{heinz2018,
	Author = {Jeffrey Heinz},
	Booktitle = {Phonological typology},
	Chapter = {5},
	Date-Added = {2019-02-13 01:05:13 -0500},
	Date-Modified = {2019-03-12 13:58:20 -0400},
	Editor = {Larry Hyman and Frans Plank},
	Pages = {126-195},
	Publisher = {Mouton de Gruyter},
	Series = {Phonology and Phonetics},
	Title = {The computational nature of phonological generalizations},
	Volume = {23},
	Year = {2018},
	Bdsk-File-1 = {YnBsaXN0MDDSAQIDBFxyZWxhdGl2ZVBhdGhZYWxpYXNEYXRhXxAxLi4vLi4vUmVzb3VyY2VzL0hlaW56MjAxOC1jb21wdXRhdGlvbmFsbmF0dXJlLnBkZk8RAf4AAAAAAf4AAgAADE1hY2ludG9zaCBIRAAAAAAAAAAAAAAAAAAAANFS6YxIKwAAAxRv5x9IZWluejIwMTgtY29tcHV0YXRpIzNEQzAwQ0IucGRmAAAAAAAAAAAAAAAAAAAAAAAAAAAAAAAAAAAAAAAAAAAD3ADL2IkTogAAAAAAAAAAAAIAAgAACSAAAAAAAAAAAAAAAAAAAAAJUmVzb3VyY2VzAAAQAAgAANFTIcwAAAARAAgAANiJWfIAAAABABQDFG/nA8xGcwAJ4PIACaQ1AAKYNwACAF5NYWNpbnRvc2ggSEQ6VXNlcnM6AGxhZHlidWc6AERyb3Bib3g6AERpc3NlcnRhdGlvbjoAUmVzb3VyY2VzOgBIZWluejIwMTgtY29tcHV0YXRpIzNEQzAwQ0IucGRmAA4ARAAhAEgAZQBpAG4AegAyADAAMQA4AC0AYwBvAG0AcAB1AHQAYQB0AGkAbwBuAGEAbABuAGEAdAB1AHIAZQAuAHAAZABmAA8AGgAMAE0AYQBjAGkAbgB0AG8AcwBoACAASABEABIATlVzZXJzL2xhZHlidWcvRHJvcGJveC9EaXNzZXJ0YXRpb24vUmVzb3VyY2VzL0hlaW56MjAxOC1jb21wdXRhdGlvbmFsbmF0dXJlLnBkZgATAAEvAAAVAAIADv//AAAACAANABoAJABYAAAAAAAAAgEAAAAAAAAABQAAAAAAAAAAAAAAAAAAAlo=}}

@inproceedings{aksenovadeshmukh2018,
	Author = {Al{\"e}na Aks{\"e}nova and Sanket Deshmukh},
	Booktitle = {Proceedings of the Society for Computation in Linguistics},
	Date-Added = {2018-10-30 20:11:31 -0400},
	Date-Modified = {2018-10-30 20:13:27 -0400},
	Pages = {Article 8},
	Title = {Formal restrictions on multiple tiers},
	Volume = {1},
	Year = {2018},
	Bdsk-File-1 = {YnBsaXN0MDDSAQIDBFxyZWxhdGl2ZVBhdGhZYWxpYXNEYXRhXxBILi4vLi4vUmVzb3VyY2VzL1Zvd2VsIEhhcm1vbnkvQWtzZW5vdmFEZXNobXVraDIwMTgtcmVzdHJpY3RtdWx0dGllcnMucGRmTxECQAAAAAACQAACAAAMTWFjaW50b3NoIEhEAAAAAAAAAAAAAAAAAAAA0VLpjEgrAAADJWtQH0Frc2Vub3ZhRGVzaG11a2gyMDEjM0JBMzQ2MC5wZGYAAAAAAAAAAAAAAAAAAAAAAAAAAAAAAAAAAAAAAAAAAAO6NGDX/mEYAAAAAAAAAAAAAgADAAAJIAAAAAAAAAAAAAAAAAAAAA1Wb3dlbCBIYXJtb255AAAQAAgAANFTIcwAAAARAAgAANf+mVgAAAABABgDJWtQAxRv5wPMRnMACeDyAAmkNQACmDcAAgBtTWFjaW50b3NoIEhEOlVzZXJzOgBsYWR5YnVnOgBEcm9wYm94OgBEaXNzZXJ0YXRpb246AFJlc291cmNlczoAVm93ZWwgSGFybW9ueToAQWtzZW5vdmFEZXNobXVraDIwMSMzQkEzNDYwLnBkZgAADgBWACoAQQBrAHMAZQBuAG8AdgBhAEQAZQBzAGgAbQB1AGsAaAAyADAAMQA4AC0AcgBlAHMAdAByAGkAYwB0AG0AdQBsAHQAdABpAGUAcgBzAC4AcABkAGYADwAaAAwATQBhAGMAaQBuAHQAbwBzAGgAIABIAEQAEgBlVXNlcnMvbGFkeWJ1Zy9Ecm9wYm94L0Rpc3NlcnRhdGlvbi9SZXNvdXJjZXMvVm93ZWwgSGFybW9ueS9Ba3Nlbm92YURlc2htdWtoMjAxOC1yZXN0cmljdG11bHR0aWVycy5wZGYAABMAAS8AABUAAgAO//8AAAAIAA0AGgAkAG8AAAAAAAACAQAAAAAAAAAFAAAAAAAAAAAAAAAAAAACsw==}}

@misc{aksenova2017,
	Author = {Al{\"e}na Aks{\"e}nova},
	Date-Added = {2018-10-30 20:09:01 -0400},
	Date-Modified = {2018-10-30 20:11:28 -0400},
	Howpublished = {Qualifying paper},
	Month = {April},
	Title = {Tier alphabet(s): tendencies and restrictions},
	Year = {2017},
	Bdsk-File-1 = {YnBsaXN0MDDSAQIDBFxyZWxhdGl2ZVBhdGhZYWxpYXNEYXRhXxA8Li4vLi4vUmVzb3VyY2VzL1Zvd2VsIEhhcm1vbnkvQWtzZW5vdmEyMDE3LXRpZXJhbHBoYWJldHMucGRmTxECGgAAAAACGgACAAAMTWFjaW50b3NoIEhEAAAAAAAAAAAAAAAAAAAA0VLpjEgrAAADJWtQHkFrc2Vub3ZhMjAxNy10aWVyYWxwaGFiZXRzLnBkZgAAAAAAAAAAAAAAAAAAAAAAAAAAAAAAAAAAAAAAAAAAAAO6NFbX/mESAAAAAAAAAAAAAgADAAAJIAAAAAAAAAAAAAAAAAAAAA1Wb3dlbCBIYXJtb255AAAQAAgAANFTIcwAAAARAAgAANf+mVIAAAABABgDJWtQAxRv5wPMRnMACeDyAAmkNQACmDcAAgBsTWFjaW50b3NoIEhEOlVzZXJzOgBsYWR5YnVnOgBEcm9wYm94OgBEaXNzZXJ0YXRpb246AFJlc291cmNlczoAVm93ZWwgSGFybW9ueToAQWtzZW5vdmEyMDE3LXRpZXJhbHBoYWJldHMucGRmAA4APgAeAEEAawBzAGUAbgBvAHYAYQAyADAAMQA3AC0AdABpAGUAcgBhAGwAcABoAGEAYgBlAHQAcwAuAHAAZABmAA8AGgAMAE0AYQBjAGkAbgB0AG8AcwBoACAASABEABIAWVVzZXJzL2xhZHlidWcvRHJvcGJveC9EaXNzZXJ0YXRpb24vUmVzb3VyY2VzL1Zvd2VsIEhhcm1vbnkvQWtzZW5vdmEyMDE3LXRpZXJhbHBoYWJldHMucGRmAAATAAEvAAAVAAIADv//AAAACAANABoAJABjAAAAAAAAAgEAAAAAAAAABQAAAAAAAAAAAAAAAAAAAoE=}}

@inproceedings{mcmullinhansson2014,
	Author = {Kevin Mcmullin and Gunnar Hansson},
	Booktitle = {Proceedings of the 2014 Annual Meeting on Phonology},
	Date-Added = {2018-10-30 20:06:07 -0400},
	Date-Modified = {2018-10-30 20:08:20 -0400},
	Title = {Long-distance phonotactics as tier-based strictly 2-local languages},
	Year = {2014},
	Bdsk-File-1 = {YnBsaXN0MDDSAQIDBFxyZWxhdGl2ZVBhdGhZYWxpYXNEYXRhXxAvLi4vLi4vUmVzb3VyY2VzL01jbXVsbGluSGFuc3NvbjIwMTQtbGRwdHNsMi5wZGZPEQH4AAAAAAH4AAIAAAxNYWNpbnRvc2ggSEQAAAAAAAAAAAAAAAAAAADRUumMSCsAAAMUb+cfTWNtdWxsaW5IYW5zc29uMjAxNC1sZHB0c2wyLnBkZgAAAAAAAAAAAAAAAAAAAAAAAAAAAAAAAAAAAAAAAAAAA7o0Itf+YMoAAAAAAAAAAAACAAIAAAkgAAAAAAAAAAAAAAAAAAAACVJlc291cmNlcwAAEAAIAADRUyHMAAAAEQAIAADX/pkKAAAAAQAUAxRv5wPMRnMACeDyAAmkNQACmDcAAgBeTWFjaW50b3NoIEhEOlVzZXJzOgBsYWR5YnVnOgBEcm9wYm94OgBEaXNzZXJ0YXRpb246AFJlc291cmNlczoATWNtdWxsaW5IYW5zc29uMjAxNC1sZHB0c2wyLnBkZgAOAEAAHwBNAGMAbQB1AGwAbABpAG4ASABhAG4AcwBzAG8AbgAyADAAMQA0AC0AbABkAHAAdABzAGwAMgAuAHAAZABmAA8AGgAMAE0AYQBjAGkAbgB0AG8AcwBoACAASABEABIATFVzZXJzL2xhZHlidWcvRHJvcGJveC9EaXNzZXJ0YXRpb24vUmVzb3VyY2VzL01jbXVsbGluSGFuc3NvbjIwMTQtbGRwdHNsMi5wZGYAEwABLwAAFQACAA7//wAAAAgADQAaACQAVgAAAAAAAAIBAAAAAAAAAAUAAAAAAAAAAAAAAAAAAAJS}}

@inproceedings{chandleeeyraudheinz2014,
	Author = {Jane Chandlee and R{\'e}mi Eyraud and Jeffrey Heinz},
	Booktitle = {Transactions of the Association for Computational Linguistics},
	Date-Added = {2018-09-29 20:43:29 -0400},
	Date-Modified = {2018-09-29 20:47:11 -0400},
	Pages = {491-503},
	Title = {Learning strictly local subsequential functions},
	Volume = {2},
	Year = {2014},
	Bdsk-File-1 = {YnBsaXN0MDDSAQIDBFxyZWxhdGl2ZVBhdGhZYWxpYXNEYXRhXxBCLi4vLi4vUmVzb3VyY2VzL0NoYW5kbGVlRXlyYXVkSGVpbnoyMDE0LWxlYXJuU0xzdWJzZXFmdW5jdGlvbnMucGRmTxECMgAAAAACMgACAAAMTWFjaW50b3NoIEhEAAAAAAAAAAAAAAAAAAAA0VLpjEgrAAADFG/nH0NoYW5kbGVlRXlyYXVkSGVpbnojM0E1NDZBNS5wZGYAAAAAAAAAAAAAAAAAAAAAAAAAAAAAAAAAAAAAAAAAAAOlRqXX1ZQ3AAAAAAAAAAAAAgACAAAJIAAAAAAAAAAAAAAAAAAAAAlSZXNvdXJjZXMAABAACAAA0VMhzAAAABEACAAA19XMdwAAAAEAFAMUb+cDzEZzAAng8gAJpDUAApg3AAIAXk1hY2ludG9zaCBIRDpVc2VyczoAbGFkeWJ1ZzoARHJvcGJveDoARGlzc2VydGF0aW9uOgBSZXNvdXJjZXM6AENoYW5kbGVlRXlyYXVkSGVpbnojM0E1NDZBNS5wZGYADgBmADIAQwBoAGEAbgBkAGwAZQBlAEUAeQByAGEAdQBkAEgAZQBpAG4AegAyADAAMQA0AC0AbABlAGEAcgBuAFMATABzAHUAYgBzAGUAcQBmAHUAbgBjAHQAaQBvAG4AcwAuAHAAZABmAA8AGgAMAE0AYQBjAGkAbgB0AG8AcwBoACAASABEABIAX1VzZXJzL2xhZHlidWcvRHJvcGJveC9EaXNzZXJ0YXRpb24vUmVzb3VyY2VzL0NoYW5kbGVlRXlyYXVkSGVpbnoyMDE0LWxlYXJuU0xzdWJzZXFmdW5jdGlvbnMucGRmAAATAAEvAAAVAAIADv//AAAACAANABoAJABpAAAAAAAAAgEAAAAAAAAABQAAAAAAAAAAAAAAAAAAAp8=}}

@article{chandleeheinz2018,
	Author = {Jane Chandlee and Jeffrey Heinz},
	Date-Added = {2018-09-29 20:26:06 -0400},
	Date-Modified = {2018-09-29 20:27:39 -0400},
	Journal = {Linguistic Inquiry},
	Number = {1},
	Pages = {23-60},
	Title = {Strict Locality and Phonological Maps},
	Volume = {49},
	Year = {2018}}

@inproceedings{chandleejardine2013,
	Author = {Jane Chandlee and Adam Jardine},
	Booktitle = {Proceedings of the 2013 Annual Meeting on Phonology},
	Date-Added = {2018-09-29 20:22:16 -0400},
	Date-Modified = {2018-09-29 20:24:21 -0400},
	Title = {Learning phonological mappings by learning strictly local functions},
	Year = {2013},
	Bdsk-File-1 = {YnBsaXN0MDDSAQIDBFxyZWxhdGl2ZVBhdGhZYWxpYXNEYXRhXxA4Li4vLi4vUmVzb3VyY2VzL0NoYW5kbGVlSmFyZGluZTIwMTMtbGVhcm5TTGZ1bmN0aW9ucy5wZGZPEQIUAAAAAAIUAAIAAAxNYWNpbnRvc2ggSEQAAAAAAAAAAAAAAAAAAADRUumMSCsAAAMUb+cfQ2hhbmRsZWVKYXJkaW5lMjAxMyMzQTU0MEVDLnBkZgAAAAAAAAAAAAAAAAAAAAAAAAAAAAAAAAAAAAAAAAAAA6VA7NfVjxEAAAAAAAAAAAACAAIAAAkgAAAAAAAAAAAAAAAAAAAACVJlc291cmNlcwAAEAAIAADRUyHMAAAAEQAIAADX1cdRAAAAAQAUAxRv5wPMRnMACeDyAAmkNQACmDcAAgBeTWFjaW50b3NoIEhEOlVzZXJzOgBsYWR5YnVnOgBEcm9wYm94OgBEaXNzZXJ0YXRpb246AFJlc291cmNlczoAQ2hhbmRsZWVKYXJkaW5lMjAxMyMzQTU0MEVDLnBkZgAOAFIAKABDAGgAYQBuAGQAbABlAGUASgBhAHIAZABpAG4AZQAyADAAMQAzAC0AbABlAGEAcgBuAFMATABmAHUAbgBjAHQAaQBvAG4AcwAuAHAAZABmAA8AGgAMAE0AYQBjAGkAbgB0AG8AcwBoACAASABEABIAVVVzZXJzL2xhZHlidWcvRHJvcGJveC9EaXNzZXJ0YXRpb24vUmVzb3VyY2VzL0NoYW5kbGVlSmFyZGluZTIwMTMtbGVhcm5TTGZ1bmN0aW9ucy5wZGYAABMAAS8AABUAAgAO//8AAAAIAA0AGgAkAF8AAAAAAAACAQAAAAAAAAAFAAAAAAAAAAAAAAAAAAACdw==}}

@phdthesis{bakovic2000,
	Address = {New Brunswick, New Jersey},
	Author = {Eric Bakovic},
	Date-Added = {2018-09-22 20:53:34 -0400},
	Date-Modified = {2018-09-22 20:55:21 -0400},
	Month = {January},
	School = {Rutgers University},
	Title = {Harmony, Dominance, and Control},
	Year = {2000},
	Bdsk-File-1 = {YnBsaXN0MDDSAQIDBFxyZWxhdGl2ZVBhdGhZYWxpYXNEYXRhXxAfLi4vLi4vUmVzb3VyY2VzL0Jha292aWMyMDAwLnBkZk8RAagAAAAAAagAAgAADE1hY2ludG9zaCBIRAAAAAAAAAAAAAAAAAAAANFS6YxIKwAAAxRv5w9CYWtvdmljMjAwMC5wZGYAAAAAAAAAAAAAAAAAAAAAAAAAAAAAAAAAAAAAAAAAAAAAAAAAAAAAAAAAAAAAAAADn+Cz18xcBwAAAAAAAAAAAAIAAgAACSAAAAAAAAAAAAAAAAAAAAAJUmVzb3VyY2VzAAAQAAgAANFTIcwAAAARAAgAANfMlEcAAAABABQDFG/nAoQ/rwAJ4PIACaQ1AAKYNwACAEVNYWNpbnRvc2ggSEQ6VXNlcnM6AGxhZHlidWc6AERyb3Bib3g6AFFQMjoAUmVzb3VyY2VzOgBCYWtvdmljMjAwMC5wZGYAAA4AIAAPAEIAYQBrAG8AdgBpAGMAMgAwADAAMAAuAHAAZABmAA8AGgAMAE0AYQBjAGkAbgB0AG8AcwBoACAASABEABIAM1VzZXJzL2xhZHlidWcvRHJvcGJveC9RUDIvUmVzb3VyY2VzL0Jha292aWMyMDAwLnBkZgAAEwABLwAAFQACAA7//wAAAAgADQAaACQARgAAAAAAAAIBAAAAAAAAAAUAAAAAAAAAAAAAAAAAAAHy}}

@misc{lamont2018,
	Author = {Andrew Lamont},
	Date-Added = {2018-07-11 05:39:16 +0000},
	Date-Modified = {2018-07-11 17:38:45 +0000},
	Howpublished = {ms. University of Massachusetts Amherst},
	Year = {2018},
	Bdsk-File-1 = {YnBsaXN0MDDSAQIDBFxyZWxhdGl2ZVBhdGhZYWxpYXNEYXRhXxAvLi4vLi4vUmVzb3VyY2VzL0xhbW9udDIwMTgtc291cmdyYXBlc19ub3Rlcy5wZGZPEQH4AAAAAAH4AAIAAAxNYWNpbnRvc2ggSEQAAAAAAAAAAAAAAAAAAADRUumMSCsAAAMUb+cfTGFtb250MjAxOC1zb3VyZ3JhcGVzX25vdGVzLnBkZgAAAAAAAAAAAAAAAAAAAAAAAAAAAAAAAAAAAAAAAAAAA29Hw9dQNT8AAAAAAAAAAAACAAIAAAkgAAAAAAAAAAAAAAAAAAAACVJlc291cmNlcwAAEAAIAADRUyHMAAAAEQAIAADXUG1/AAAAAQAUAxRv5wPMRnMACeDyAAmkNQACmDcAAgBeTWFjaW50b3NoIEhEOlVzZXJzOgBsYWR5YnVnOgBEcm9wYm94OgBEaXNzZXJ0YXRpb246AFJlc291cmNlczoATGFtb250MjAxOC1zb3VyZ3JhcGVzX25vdGVzLnBkZgAOAEAAHwBMAGEAbQBvAG4AdAAyADAAMQA4AC0AcwBvAHUAcgBnAHIAYQBwAGUAcwBfAG4AbwB0AGUAcwAuAHAAZABmAA8AGgAMAE0AYQBjAGkAbgB0AG8AcwBoACAASABEABIATFVzZXJzL2xhZHlidWcvRHJvcGJveC9EaXNzZXJ0YXRpb24vUmVzb3VyY2VzL0xhbW9udDIwMTgtc291cmdyYXBlc19ub3Rlcy5wZGYAEwABLwAAFQACAA7//wAAAAgADQAaACQAVgAAAAAAAAIBAAAAAAAAAAUAAAAAAAAAAAAAAAAAAAJS}}

@inproceedings{valimaablum1986,
	Author = {Riitta V{\"a}limaa-Blum},
	Booktitle = {Proceedings of the third eastern states conference on linguistics},
	Date-Added = {2018-06-12 15:30:39 +0000},
	Date-Modified = {2018-06-12 15:35:22 +0000},
	Editor = {Fred Marshall},
	Organization = {University of Pittsburgh},
	Title = {Finnish vowel harmony as a prescriptive and descriptive rule: an autosegmental account},
	Year = {1986}}

@article{valimaablum1999,
	Author = {Riitta V{\"a}limaa-Blum},
	Date-Added = {2018-06-12 15:02:12 +0000},
	Date-Modified = {2018-06-12 15:04:30 +0000},
	Journal = {Lingua},
	Pages = {247-268},
	Title = {A feature geometric description of Finnish vowel harmony covering both loans and native words},
	Volume = {108},
	Year = {1999},
	Bdsk-File-1 = {YnBsaXN0MDDSAQIDBFxyZWxhdGl2ZVBhdGhZYWxpYXNEYXRhXxBPLi4vLi4vUmVzb3VyY2VzL1Zvd2VsIEhhcm1vbnkvRmlubmlzaC9WYWxpbWFhLUJsdW0xOTk5LWZpbm5pc2h2aGZlYXR1cmVnZW9tLnBkZk8RAkoAAAAAAkoAAgAADE1hY2ludG9zaCBIRAAAAAAAAAAAAAAAAAAAANFS6YxIKwAAA2rZYB9WYWxpbWFhLUJsdW0xOTk5LWZpIzM2QUU0OTUucGRmAAAAAAAAAAAAAAAAAAAAAAAAAAAAAAAAAAAAAAAAAAADauSV10VbFFBERiBDQVJPAAIABAAACSAAAAAAAAAAAAAAAAAAAAAHRmlubmlzaAAAEAAIAADRUyHMAAAAEQAIAADXRZNUAAAAAQAcA2rZYAMla1ADFG/nA8xGcwAJ4PIACaQ1AAKYNwACAHZNYWNpbnRvc2ggSEQ6VXNlcnM6AGxhZHlidWc6AERyb3Bib3g6AERpc3NlcnRhdGlvbjoAUmVzb3VyY2VzOgBWb3dlbCBIYXJtb255OgBGaW5uaXNoOgBWYWxpbWFhLUJsdW0xOTk5LWZpIzM2QUU0OTUucGRmAA4AVAApAFYAYQBsAGkAbQBhAGEALQBCAGwAdQBtADEAOQA5ADkALQBmAGkAbgBuAGkAcwBoAHYAaABmAGUAYQB0AHUAcgBlAGcAZQBvAG0ALgBwAGQAZgAPABoADABNAGEAYwBpAG4AdABvAHMAaAAgAEgARAASAGxVc2Vycy9sYWR5YnVnL0Ryb3Bib3gvRGlzc2VydGF0aW9uL1Jlc291cmNlcy9Wb3dlbCBIYXJtb255L0Zpbm5pc2gvVmFsaW1hYS1CbHVtMTk5OS1maW5uaXNodmhmZWF0dXJlZ2VvbS5wZGYAEwABLwAAFQACAA7//wAAAAgADQAaACQAdgAAAAAAAAIBAAAAAAAAAAUAAAAAAAAAAAAAAAAAAALE}}

@article{rogerspullum2011,
	Author = {James Rogers and Geoffrey Pullum},
	Date-Added = {2018-05-25 04:30:33 +0000},
	Date-Modified = {2018-05-25 04:35:39 +0000},
	Journal = {Journal of Logic, Language, and Information},
	Pages = {329-342},
	Title = {Aural pattern recognition experiments and the subregular hierarchy},
	Volume = {20},
	Year = {2011},
	Bdsk-File-1 = {YnBsaXN0MDDSAQIDBFxyZWxhdGl2ZVBhdGhZYWxpYXNEYXRhXxAeLi4vLi4vUmVzb3VyY2VzL01vTDEwZmluYWwucGRmTxEBogAAAAABogACAAAMTWFjaW50b3NoIEhEAAAAAAAAAAAAAAAAAAAA0VLpjEgrAAADFG/nDk1vTDEwZmluYWwucGRmAAAAAAAAAAAAAAAAAAAAAAAAAAAAAAAAAAAAAAAAAAAAAAAAAAAAAAAAAAAAAAAAAANiOlvXLQnKAAAAAAAAAAAAAgACAAAJIAAAAAAAAAAAAAAAAAAAAAlSZXNvdXJjZXMAABAACAAA0VMhzAAAABEACAAA1y1CCgAAAAEAFAMUb+cChD+vAAng8gAJpDUAApg3AAIARE1hY2ludG9zaCBIRDpVc2VyczoAbGFkeWJ1ZzoARHJvcGJveDoAUVAyOgBSZXNvdXJjZXM6AE1vTDEwZmluYWwucGRmAA4AHgAOAE0AbwBMADEAMABmAGkAbgBhAGwALgBwAGQAZgAPABoADABNAGEAYwBpAG4AdABvAHMAaAAgAEgARAASADJVc2Vycy9sYWR5YnVnL0Ryb3Bib3gvUVAyL1Jlc291cmNlcy9Nb0wxMGZpbmFsLnBkZgATAAEvAAAVAAIADv//AAAACAANABoAJABFAAAAAAAAAgEAAAAAAAAABQAAAAAAAAAAAAAAAAAAAes=}}

@article{heinzidsardi2013,
	Author = {Jeffrey Heinz and William Idsardi},
	Date-Added = {2018-05-25 04:19:58 +0000},
	Date-Modified = {2018-05-25 04:24:10 +0000},
	Journal = {Topics in Cognitive Science},
	Number = {1},
	Pages = {111-131},
	Title = {What complexity differences reveal about domains in language},
	Volume = {5},
	Year = {2013},
	Bdsk-File-1 = {YnBsaXN0MDDSAQIDBFxyZWxhdGl2ZVBhdGhZYWxpYXNEYXRhXxAsLi4vLi4vUmVzb3VyY2VzL0hlaW56SWRzYXJkaTIwMTItV0NEUkFETC5wZGZPEQHuAAAAAAHuAAIAAAxNYWNpbnRvc2ggSEQAAAAAAAAAAAAAAAAAAADRUumMSCsAAAMUb+ccSGVpbnpJZHNhcmRpMjAxMi1XQ0RSQURMLnBkZgAAAAAAAAAAAAAAAAAAAAAAAAAAAAAAAAAAAAAAAAAAAAAAA2I0K9ctBrMAAAAAAAAAAAACAAIAAAkgAAAAAAAAAAAAAAAAAAAACVJlc291cmNlcwAAEAAIAADRUyHMAAAAEQAIAADXLT7zAAAAAQAUAxRv5wPMRnMACeDyAAmkNQACmDcAAgBbTWFjaW50b3NoIEhEOlVzZXJzOgBsYWR5YnVnOgBEcm9wYm94OgBEaXNzZXJ0YXRpb246AFJlc291cmNlczoASGVpbnpJZHNhcmRpMjAxMi1XQ0RSQURMLnBkZgAADgA6ABwASABlAGkAbgB6AEkAZABzAGEAcgBkAGkAMgAwADEAMgAtAFcAQwBEAFIAQQBEAEwALgBwAGQAZgAPABoADABNAGEAYwBpAG4AdABvAHMAaAAgAEgARAASAElVc2Vycy9sYWR5YnVnL0Ryb3Bib3gvRGlzc2VydGF0aW9uL1Jlc291cmNlcy9IZWlueklkc2FyZGkyMDEyLVdDRFJBREwucGRmAAATAAEvAAAVAAIADv//AAAACAANABoAJABTAAAAAAAAAgEAAAAAAAAABQAAAAAAAAAAAAAAAAAAAkU=}}

@inproceedings{jardineheinz2015,
	Address = {Chicago, USA},
	Author = {Adam Jardine and Jeffrey Heinz},
	Booktitle = {Proceedings of the 14th Annual Meeting on the Mathematics of Language (MoL 2015)},
	Date-Added = {2018-05-17 00:40:45 +0000},
	Date-Modified = {2018-05-17 00:43:18 +0000},
	Organization = {Association for Computational Linguistics},
	Pages = {139-151},
	Title = {A concatenation operation to derive autosegmental graphs},
	Year = {2015},
	Bdsk-File-1 = {YnBsaXN0MDDSAQIDBFxyZWxhdGl2ZVBhdGhZYWxpYXNEYXRhXxA4Li4vLi4vUmVzb3VyY2VzL0phcmRpbmVIZWluejIwMTUtY29uY2F0ZW5hdGlvbl9Nb0wxNC5wZGZPEQIUAAAAAAIUAAIAAAxNYWNpbnRvc2ggSEQAAAAAAAAAAAAAAAAAAADRUumMSCsAAAMUb+cfSmFyZGluZUhlaW56MjAxNS1jbyMzODJDMEI3LnBkZgAAAAAAAAAAAAAAAAAAAAAAAAAAAAAAAAAAAAAAAAAAA4LAt9eAuD0AAAAAAAAAAAACAAIAAAkgAAAAAAAAAAAAAAAAAAAACVJlc291cmNlcwAAEAAIAADRUyHMAAAAEQAIAADXgPB9AAAAAQAUAxRv5wPMRnMACeDyAAmkNQACmDcAAgBeTWFjaW50b3NoIEhEOlVzZXJzOgBsYWR5YnVnOgBEcm9wYm94OgBEaXNzZXJ0YXRpb246AFJlc291cmNlczoASmFyZGluZUhlaW56MjAxNS1jbyMzODJDMEI3LnBkZgAOAFIAKABKAGEAcgBkAGkAbgBlAEgAZQBpAG4AegAyADAAMQA1AC0AYwBvAG4AYwBhAHQAZQBuAGEAdABpAG8AbgBfAE0AbwBMADEANAAuAHAAZABmAA8AGgAMAE0AYQBjAGkAbgB0AG8AcwBoACAASABEABIAVVVzZXJzL2xhZHlidWcvRHJvcGJveC9EaXNzZXJ0YXRpb24vUmVzb3VyY2VzL0phcmRpbmVIZWluejIwMTUtY29uY2F0ZW5hdGlvbl9Nb0wxNC5wZGYAABMAAS8AABUAAgAO//8AAAAIAA0AGgAkAF8AAAAAAAACAQAAAAAAAAAFAAAAAAAAAAAAAAAAAAACdw==}}

@article{heinz2010,
	Author = {Jeffrey Heinz},
	Date-Added = {2018-05-16 12:20:15 +0000},
	Date-Modified = {2018-05-16 12:21:46 +0000},
	Journal = {Linguistic Inquiry},
	Number = {4},
	Pages = {623-661},
	Title = {Learning long-distance phonotactics},
	Volume = {41},
	Year = {2010},
	Bdsk-File-1 = {YnBsaXN0MDDSAQIDBFxyZWxhdGl2ZVBhdGhZYWxpYXNEYXRhXxAnLi4vLi4vUmVzb3VyY2VzL0hlaW56MTAtbGVhcm5pbmdsZHAucGRmTxEB2AAAAAAB2AACAAAMTWFjaW50b3NoIEhEAAAAAAAAAAAAAAAAAAAA0VLpjEgrAAADFG/nF0hlaW56MTAtbGVhcm5pbmdsZHAucGRmAAAAAAAAAAAAAAAAAAAAAAAAAAAAAAAAAAAAAAAAAAAAAAAAAAAAAAM+GnbW6nOtAAAAAAAAAAAAAgACAAAJIAAAAAAAAAAAAAAAAAAAAAlSZXNvdXJjZXMAABAACAAA0VMhzAAAABEACAAA1uqr7QAAAAEAFAMUb+cDzEZzAAng8gAJpDUAApg3AAIAVk1hY2ludG9zaCBIRDpVc2VyczoAbGFkeWJ1ZzoARHJvcGJveDoARGlzc2VydGF0aW9uOgBSZXNvdXJjZXM6AEhlaW56MTAtbGVhcm5pbmdsZHAucGRmAA4AMAAXAEgAZQBpAG4AegAxADAALQBsAGUAYQByAG4AaQBuAGcAbABkAHAALgBwAGQAZgAPABoADABNAGEAYwBpAG4AdABvAHMAaAAgAEgARAASAERVc2Vycy9sYWR5YnVnL0Ryb3Bib3gvRGlzc2VydGF0aW9uL1Jlc291cmNlcy9IZWluejEwLWxlYXJuaW5nbGRwLnBkZgATAAEvAAAVAAIADv//AAAACAANABoAJABOAAAAAAAAAgEAAAAAAAAABQAAAAAAAAAAAAAAAAAAAio=}}

@article{graf2017,
	Author = {Thomas Graf},
	Date-Added = {2018-05-16 03:37:27 +0000},
	Date-Modified = {2018-05-16 03:38:54 +0000},
	Journal = {Phonology},
	Pages = {385-405},
	Title = {The Power of Locality Domains in Phonology},
	Volume = {34},
	Year = {2017},
	Bdsk-File-1 = {YnBsaXN0MDDSAQIDBFxyZWxhdGl2ZVBhdGhZYWxpYXNEYXRhXxAsLi4vLi4vUmVzb3VyY2VzL0dyYWYxNy1sb2NhbGl0eXBob25vbG9neS5wZGZPEQHuAAAAAAHuAAIAAAxNYWNpbnRvc2ggSEQAAAAAAAAAAAAAAAAAAADRUumMSCsAAAMUb+ccR3JhZjE3LWxvY2FsaXR5cGhvbm9sb2d5LnBkZgAAAAAAAAAAAAAAAAAAAAAAAAAAAAAAAAAAAAAAAAAAAAAAAoR9q9Va+rkAAAAAAAAAAAACAAIAAAkgAAAAAAAAAAAAAAAAAAAACVJlc291cmNlcwAAEAAIAADRUyHMAAAAEQAIAADVWzL5AAAAAQAUAxRv5wPMRnMACeDyAAmkNQACmDcAAgBbTWFjaW50b3NoIEhEOlVzZXJzOgBsYWR5YnVnOgBEcm9wYm94OgBEaXNzZXJ0YXRpb246AFJlc291cmNlczoAR3JhZjE3LWxvY2FsaXR5cGhvbm9sb2d5LnBkZgAADgA6ABwARwByAGEAZgAxADcALQBsAG8AYwBhAGwAaQB0AHkAcABoAG8AbgBvAGwAbwBnAHkALgBwAGQAZgAPABoADABNAGEAYwBpAG4AdABvAHMAaAAgAEgARAASAElVc2Vycy9sYWR5YnVnL0Ryb3Bib3gvRGlzc2VydGF0aW9uL1Jlc291cmNlcy9HcmFmMTctbG9jYWxpdHlwaG9ub2xvZ3kucGRmAAATAAEvAAAVAAIADv//AAAACAANABoAJABTAAAAAAAAAgEAAAAAAAAABQAAAAAAAAAAAAAAAAAAAkU=}}

@book{archangelipulleyblank1994,
	Author = {Diana Archangeli and Douglas Pulleyblank},
	Date-Added = {2018-05-15 23:58:56 +0000},
	Date-Modified = {2018-05-16 00:00:22 +0000},
	Publisher = {MIT Press},
	Title = {Grounded Phonology},
	Volume = {25},
	Year = {1994}}

@inproceedings{ringen1980,
	Author = {Catherine Ringen},
	Booktitle = {Issues in Vowel Harmony: Proceedings of the CUNY Linguistics Conference on Vowel Harmony},
	Date-Added = {2018-05-09 16:20:49 +0000},
	Date-Modified = {2018-05-09 16:25:49 +0000},
	Editor = {Robert Vago},
	Publisher = {John Benjamins Publishing Company},
	Title = {A concrete analysis of Hungarian vowel harmony},
	Volume = {May 14, 1977},
	Year = {1980},
	Bdsk-File-1 = {YnBsaXN0MDDSAQIDBFxyZWxhdGl2ZVBhdGhZYWxpYXNEYXRhXxBCLi4vLi4vUmVzb3VyY2VzL1Zvd2VsIEhhcm1vbnkvSHVuZ2FyaWFuL1JpbmdlbjE5NzctaHVuZ2FyaWFudmgucGRmTxECIAAAAAACIAACAAAMTWFjaW50b3NoIEhEAAAAAAAAAAAAAAAAAAAA0VLpjEgrAAADzR4OGlJpbmdlbjE5NzctaHVuZ2FyaWFudmgucGRmAAAAAAAAAAAAAAAAAAAAAAAAAAAAAAAAAAAAAAAAAAAAAAAAAAMlbHfWufJDAAAAAAAAAAAAAgAEAAAJIAAAAAAAAAAAAAAAAAAAAAlIdW5nYXJpYW4AABAACAAA0VMhzAAAABEACAAA1ro4kwAAAAEAHAPNHg4DJWtQAxRv5wPMRnMACeDyAAmkNQACmDcAAgBzTWFjaW50b3NoIEhEOlVzZXJzOgBsYWR5YnVnOgBEcm9wYm94OgBEaXNzZXJ0YXRpb246AFJlc291cmNlczoAVm93ZWwgSGFybW9ueToASHVuZ2FyaWFuOgBSaW5nZW4xOTc3LWh1bmdhcmlhbnZoLnBkZgAADgA2ABoAUgBpAG4AZwBlAG4AMQA5ADcANwAtAGgAdQBuAGcAYQByAGkAYQBuAHYAaAAuAHAAZABmAA8AGgAMAE0AYQBjAGkAbgB0AG8AcwBoACAASABEABIAX1VzZXJzL2xhZHlidWcvRHJvcGJveC9EaXNzZXJ0YXRpb24vUmVzb3VyY2VzL1Zvd2VsIEhhcm1vbnkvSHVuZ2FyaWFuL1JpbmdlbjE5NzctaHVuZ2FyaWFudmgucGRmAAATAAEvAAAVAAIADv//AAAACAANABoAJABpAAAAAAAAAgEAAAAAAAAABQAAAAAAAAAAAAAAAAAAAo0=}}

@article{ringenvago1998,
	Author = {Catherine Ringen and Robert Vago},
	Date-Added = {2018-05-09 16:14:49 +0000},
	Date-Modified = {2018-05-16 14:09:36 +0000},
	Journal = {Phonology},
	Pages = {393-416},
	Title = {Hungarian Vowel Harmony in Optimality},
	Volume = {15},
	Year = {1998},
	Bdsk-File-1 = {YnBsaXN0MDDSAQIDBFxyZWxhdGl2ZVBhdGhZYWxpYXNEYXRhXxBILi4vLi4vUmVzb3VyY2VzL1Zvd2VsIEhhcm1vbnkvSHVuZ2FyaWFuL1JpbmdlblZhZ28xOTk4LWh1bmdhcmlhbnZob3QucGRmTxECNgAAAAACNgACAAAMTWFjaW50b3NoIEhEAAAAAAAAAAAAAAAAAAAA0VLpjEgrAAADzR4OH1JpbmdlblZhZ28xOTk4LWh1bmcjMzVBOTNGOC5wZGYAAAAAAAAAAAAAAAAAAAAAAAAAAAAAAAAAAAAAAAAAAANak/jXGJOZAAAAAAAAAAAAAgAEAAAJIAAAAAAAAAAAAAAAAAAAAAlIdW5nYXJpYW4AABAACAAA0VMhzAAAABEACAAA1xjL2QAAAAEAHAPNHg4DJWtQAxRv5wPMRnMACeDyAAmkNQACmDcAAgB4TWFjaW50b3NoIEhEOlVzZXJzOgBsYWR5YnVnOgBEcm9wYm94OgBEaXNzZXJ0YXRpb246AFJlc291cmNlczoAVm93ZWwgSGFybW9ueToASHVuZ2FyaWFuOgBSaW5nZW5WYWdvMTk5OC1odW5nIzM1QTkzRjgucGRmAA4AQgAgAFIAaQBuAGcAZQBuAFYAYQBnAG8AMQA5ADkAOAAtAGgAdQBuAGcAYQByAGkAYQBuAHYAaABvAHQALgBwAGQAZgAPABoADABNAGEAYwBpAG4AdABvAHMAaAAgAEgARAASAGVVc2Vycy9sYWR5YnVnL0Ryb3Bib3gvRGlzc2VydGF0aW9uL1Jlc291cmNlcy9Wb3dlbCBIYXJtb255L0h1bmdhcmlhbi9SaW5nZW5WYWdvMTk5OC1odW5nYXJpYW52aG90LnBkZgAAEwABLwAAFQACAA7//wAAAAgADQAaACQAbwAAAAAAAAIBAAAAAAAAAAUAAAAAAAAAAAAAAAAAAAKp}}

@article{walkeroroquen,
	Author = {Rachel Walker},
	Date-Added = {2018-05-07 18:01:54 +0000},
	Date-Modified = {2018-05-07 18:03:25 +0000},
	Journal = {Linguistic Inquiry},
	Number = {3},
	Pages = {501-523},
	Title = {Nonlocal Trigger-Target Relations},
	Volume = {45},
	Year = {2014},
	Bdsk-File-1 = {YnBsaXN0MDDSAQIDBFxyZWxhdGl2ZVBhdGhZYWxpYXNEYXRhXxA6Li4vLi4vUmVzb3VyY2VzL1Zvd2VsIEhhcm1vbnkvV2Fsa2VyMjAxNC10cmlnZ2VydGFyZ2V0LnBkZk8RAhIAAAAAAhIAAgAADE1hY2ludG9zaCBIRAAAAAAAAAAAAAAAAAAAANFS6YxIKwAAAyVrUBxXYWxrZXIyMDE0LXRyaWdnZXJ0YXJnZXQucGRmAAAAAAAAAAAAAAAAAAAAAAAAAAAAAAAAAAAAAAAAAAAAAAADWJDi1xYMOwAAAAAAAAAAAAIAAwAACSAAAAAAAAAAAAAAAAAAAAANVm93ZWwgSGFybW9ueQAAEAAIAADRUyHMAAAAEQAIAADXFkR7AAAAAQAYAyVrUAMUb+cDzEZzAAng8gAJpDUAApg3AAIAak1hY2ludG9zaCBIRDpVc2VyczoAbGFkeWJ1ZzoARHJvcGJveDoARGlzc2VydGF0aW9uOgBSZXNvdXJjZXM6AFZvd2VsIEhhcm1vbnk6AFdhbGtlcjIwMTQtdHJpZ2dlcnRhcmdldC5wZGYADgA6ABwAVwBhAGwAawBlAHIAMgAwADEANAAtAHQAcgBpAGcAZwBlAHIAdABhAHIAZwBlAHQALgBwAGQAZgAPABoADABNAGEAYwBpAG4AdABvAHMAaAAgAEgARAASAFdVc2Vycy9sYWR5YnVnL0Ryb3Bib3gvRGlzc2VydGF0aW9uL1Jlc291cmNlcy9Wb3dlbCBIYXJtb255L1dhbGtlcjIwMTQtdHJpZ2dlcnRhcmdldC5wZGYAABMAAS8AABUAAgAO//8AAAAIAA0AGgAkAGEAAAAAAAACAQAAAAAAAAAFAAAAAAAAAAAAAAAAAAACdw==}}

@inproceedings{heinzetaltsl,
	Author = {Jeffrey Heinz and Chetan Rawal and Herbert G. Tanner},
	Booktitle = {Proceedings of the 49th Annual Meeting of the Association for Computational Linguistics: Human Language Technologies: short papers},
	Date-Added = {2018-04-23 23:17:41 +0000},
	Date-Modified = {2018-04-23 23:20:55 +0000},
	Organization = {Association for Computational Linguistics},
	Title = {Tier-based strictly local constraints for phonology},
	Volume = {2},
	Year = {2011},
	Bdsk-File-1 = {YnBsaXN0MDDSAQIDBFxyZWxhdGl2ZVBhdGhZYWxpYXNEYXRhXxAhLi4vLi4vUmVzb3VyY2VzL2hlaW56ZXRhbDIwMTEucGRmTxEBsAAAAAABsAACAAAMTWFjaW50b3NoIEhEAAAAAAAAAAAAAAAAAAAA0VLpjEgrAAADFG/nEWhlaW56ZXRhbDIwMTEucGRmAAAAAAAAAAAAAAAAAAAAAAAAAAAAAAAAAAAAAAAAAAAAAAAAAAAAAAAAAAAAAANKy8/XA+GwAAAAAAAAAAAAAgACAAAJIAAAAAAAAAAAAAAAAAAAAAlSZXNvdXJjZXMAABAACAAA0VMhzAAAABEACAAA1wQZ8AAAAAEAFAMUb+cChD+vAAng8gAJpDUAApg3AAIAR01hY2ludG9zaCBIRDpVc2VyczoAbGFkeWJ1ZzoARHJvcGJveDoAUVAyOgBSZXNvdXJjZXM6AGhlaW56ZXRhbDIwMTEucGRmAAAOACQAEQBoAGUAaQBuAHoAZQB0AGEAbAAyADAAMQAxAC4AcABkAGYADwAaAAwATQBhAGMAaQBuAHQAbwBzAGgAIABIAEQAEgA1VXNlcnMvbGFkeWJ1Zy9Ecm9wYm94L1FQMi9SZXNvdXJjZXMvaGVpbnpldGFsMjAxMS5wZGYAABMAAS8AABUAAgAO//8AAAAIAA0AGgAkAEgAAAAAAAACAQAAAAAAAAAFAAAAAAAAAAAAAAAAAAAB/A==}}

@phdthesis{leben1973,
	Author = {William Leben},
	Date-Added = {2018-04-23 22:53:40 +0000},
	Date-Modified = {2018-04-23 22:54:55 +0000},
	School = {Massachusetts Institute of Technology},
	Title = {Suprasegmental Phonology},
	Year = {1973},
	Bdsk-File-1 = {YnBsaXN0MDDSAQIDBFxyZWxhdGl2ZVBhdGhZYWxpYXNEYXRhXxAzLi4vLi4vUmVzb3VyY2VzL0xlYmVuMTk3My1zdXByYXNlZ21lbnRwaG9uX2Rpc3MucGRmTxECBAAAAAACBAACAAAMTWFjaW50b3NoIEhEAAAAAAAAAAAAAAAAAAAA0VLpjEgrAAADFG/nH0xlYmVuMTk3My1zdXByYXNlZ20jMzRBQzE0Ny5wZGYAAAAAAAAAAAAAAAAAAAAAAAAAAAAAAAAAAAAAAAAAAANKwUfXA9uJAAAAAAAAAAAAAgACAAAJIAAAAAAAAAAAAAAAAAAAAAlSZXNvdXJjZXMAABAACAAA0VMhzAAAABEACAAA1wQTyQAAAAEAFAMUb+cDzEZzAAng8gAJpDUAApg3AAIAXk1hY2ludG9zaCBIRDpVc2VyczoAbGFkeWJ1ZzoARHJvcGJveDoARGlzc2VydGF0aW9uOgBSZXNvdXJjZXM6AExlYmVuMTk3My1zdXByYXNlZ20jMzRBQzE0Ny5wZGYADgBIACMATABlAGIAZQBuADEAOQA3ADMALQBzAHUAcAByAGEAcwBlAGcAbQBlAG4AdABwAGgAbwBuAF8AZABpAHMAcwAuAHAAZABmAA8AGgAMAE0AYQBjAGkAbgB0AG8AcwBoACAASABEABIAUFVzZXJzL2xhZHlidWcvRHJvcGJveC9EaXNzZXJ0YXRpb24vUmVzb3VyY2VzL0xlYmVuMTk3My1zdXByYXNlZ21lbnRwaG9uX2Rpc3MucGRmABMAAS8AABUAAgAO//8AAAAIAA0AGgAkAFoAAAAAAAACAQAAAAAAAAAFAAAAAAAAAAAAAAAAAAACYg==}}

@article{jardineexpressag,
	Author = {Adam Jardine},
	Date-Added = {2018-04-23 22:15:23 +0000},
	Date-Modified = {2019-03-25 20:54:46 -0400},
	Journal = {Journal of Logic, Language, and Information},
	Month = {March},
	Number = {1},
	Pages = {9-54},
	Title = {The expressivity of autosegmental grammars},
	Volume = {28},
	Year = {2019},
	Bdsk-File-1 = {YnBsaXN0MDDSAQIDBFxyZWxhdGl2ZVBhdGhZYWxpYXNEYXRhXxApLi4vLi4vUmVzb3VyY2VzL2phcmRpbmUyMDE5LWV4cHJlc3NhZy5wZGZPEQHgAAAAAAHgAAIAAAxNYWNpbnRvc2ggSEQAAAAAAAAAAAAAAAAAAADRUumMSCsAAAMUb+cZamFyZGluZTIwMTktZXhwcmVzc2FnLnBkZgAAAAAAAAAAAAAAAAAAAAAAAAAAAAAAAAAAAAAAAAAAAAAAAAAAA/OA2Ni+8BMAAAAAAAAAAAACAAIAAAkgAAAAAAAAAAAAAAAAAAAACVJlc291cmNlcwAAEAAIAADRUyHMAAAAEQAIAADYvyhTAAAAAQAUAxRv5wPMRnMACeDyAAmkNQACmDcAAgBYTWFjaW50b3NoIEhEOlVzZXJzOgBsYWR5YnVnOgBEcm9wYm94OgBEaXNzZXJ0YXRpb246AFJlc291cmNlczoAamFyZGluZTIwMTktZXhwcmVzc2FnLnBkZgAOADQAGQBqAGEAcgBkAGkAbgBlADIAMAAxADkALQBlAHgAcAByAGUAcwBzAGEAZwAuAHAAZABmAA8AGgAMAE0AYQBjAGkAbgB0AG8AcwBoACAASABEABIARlVzZXJzL2xhZHlidWcvRHJvcGJveC9EaXNzZXJ0YXRpb24vUmVzb3VyY2VzL2phcmRpbmUyMDE5LWV4cHJlc3NhZy5wZGYAEwABLwAAFQACAA7//wAAAAgADQAaACQAUAAAAAAAAAIBAAAAAAAAAAUAAAAAAAAAAAAAAAAAAAI0}}

@incollection{padgett1995,
	Author = {Jaye Padgett},
	Booktitle = {Papers in Optimality Theory},
	Date-Added = {2018-04-23 21:38:04 +0000},
	Date-Modified = {2018-04-23 21:40:59 +0000},
	Editor = {J. Beckman and S. Urbanczyk and L. Walsh},
	Pages = {385-420},
	Series = {University of Massachusetts Occasional Papers},
	Title = {Feature Classes},
	Volume = {18},
	Year = {1995},
	Bdsk-File-1 = {YnBsaXN0MDDSAQIDBFxyZWxhdGl2ZVBhdGhZYWxpYXNEYXRhXxAsLi4vLi4vUmVzb3VyY2VzL1BhZGdldHQxOTk1LWZlYXR1cmVjbGFzcy5wZGZPEQHuAAAAAAHuAAIAAAxNYWNpbnRvc2ggSEQAAAAAAAAAAAAAAAAAAADRUumMSCsAAAMUb+ccUGFkZ2V0dDE5OTUtZmVhdHVyZWNsYXNzLnBkZgAAAAAAAAAAAAAAAAAAAAAAAAAAAAAAAAAAAAAAAAAAAAAAA0qjA9cDyeEAAAAAAAAAAAACAAIAAAkgAAAAAAAAAAAAAAAAAAAACVJlc291cmNlcwAAEAAIAADRUyHMAAAAEQAIAADXBAIhAAAAAQAUAxRv5wPMRnMACeDyAAmkNQACmDcAAgBbTWFjaW50b3NoIEhEOlVzZXJzOgBsYWR5YnVnOgBEcm9wYm94OgBEaXNzZXJ0YXRpb246AFJlc291cmNlczoAUGFkZ2V0dDE5OTUtZmVhdHVyZWNsYXNzLnBkZgAADgA6ABwAUABhAGQAZwBlAHQAdAAxADkAOQA1AC0AZgBlAGEAdAB1AHIAZQBjAGwAYQBzAHMALgBwAGQAZgAPABoADABNAGEAYwBpAG4AdABvAHMAaAAgAEgARAASAElVc2Vycy9sYWR5YnVnL0Ryb3Bib3gvRGlzc2VydGF0aW9uL1Jlc291cmNlcy9QYWRnZXR0MTk5NS1mZWF0dXJlY2xhc3MucGRmAAATAAEvAAAVAAIADv//AAAACAANABoAJABTAAAAAAAAAgEAAAAAAAAABQAAAAAAAAAAAAAAAAAAAkU=}}

@article{walker2010,
	Author = {Rachel Walker},
	Date-Added = {2018-04-23 21:36:14 +0000},
	Date-Modified = {2018-04-23 21:37:42 +0000},
	Journal = {Linguistic Inquiry},
	Number = {1},
	Pages = {169-179},
	Title = {Nonmyopic Harmony and the nature of derivations},
	Volume = {41},
	Year = {2010},
	Bdsk-File-1 = {YnBsaXN0MDDSAQIDBFxyZWxhdGl2ZVBhdGhZYWxpYXNEYXRhXxA/Li4vLi4vUmVzb3VyY2VzL1Zvd2VsIEhhcm1vbnkvV2Fsa2VyMjAxMC1oYXJtb255ZGVyaXZhdGlvbnMucGRmTxECJAAAAAACJAACAAAMTWFjaW50b3NoIEhEAAAAAAAAAAAAAAAAAAAA0VLpjEgrAAADJWtQH1dhbGtlcjIwMTAtaGFybW9ueWQjMzRBQTI2Qy5wZGYAAAAAAAAAAAAAAAAAAAAAAAAAAAAAAAAAAAAAAAAAAANKomzXA8kzAAAAAAAAAAAAAgADAAAJIAAAAAAAAAAAAAAAAAAAAA1Wb3dlbCBIYXJtb255AAAQAAgAANFTIcwAAAARAAgAANcEAXMAAAABABgDJWtQAxRv5wPMRnMACeDyAAmkNQACmDcAAgBtTWFjaW50b3NoIEhEOlVzZXJzOgBsYWR5YnVnOgBEcm9wYm94OgBEaXNzZXJ0YXRpb246AFJlc291cmNlczoAVm93ZWwgSGFybW9ueToAV2Fsa2VyMjAxMC1oYXJtb255ZCMzNEFBMjZDLnBkZgAADgBEACEAVwBhAGwAawBlAHIAMgAwADEAMAAtAGgAYQByAG0AbwBuAHkAZABlAHIAaQB2AGEAdABpAG8AbgBzAC4AcABkAGYADwAaAAwATQBhAGMAaQBuAHQAbwBzAGgAIABIAEQAEgBcVXNlcnMvbGFkeWJ1Zy9Ecm9wYm94L0Rpc3NlcnRhdGlvbi9SZXNvdXJjZXMvVm93ZWwgSGFybW9ueS9XYWxrZXIyMDEwLWhhcm1vbnlkZXJpdmF0aW9ucy5wZGYAEwABLwAAFQACAA7//wAAAAgADQAaACQAZgAAAAAAAAIBAAAAAAAAAAUAAAAAAAAAAAAAAAAAAAKO}}

@incollection{mccarthy2011,
	Author = {John McCarthy},
	Booktitle = {Tones and Features},
	Date-Added = {2018-04-23 21:20:07 +0000},
	Date-Modified = {2018-04-23 21:24:56 +0000},
	Edition = {Clements Memorial Volume},
	Title = {Autosegmental spreading in Optimality Theory},
	Url = {https://scholarworks.umass.edu/linguist_faculty_pubs/27},
	Volume = {27},
	Year = {2011},
	Bdsk-File-1 = {YnBsaXN0MDDSAQIDBFxyZWxhdGl2ZVBhdGhZYWxpYXNEYXRhXxBJLi4vLi4vUmVzb3VyY2VzL0Fzc2lnbmVkL0F1dG9zZWdtZW50YWwgc3ByZWFkaW5nIGluIE9wdGltYWxpdHkgVGhlb3J5LnBkZk8RAjAAAAAAAjAAAgAADE1hY2ludG9zaCBIRAAAAAAAAAAAAAAAAAAAANFS6YxIKwAAAxRwlh9BdXRvc2VnbWVudGFsIHNwcmVhIzMzRTVFRDUucGRmAAAAAAAAAAAAAAAAAAAAAAAAAAAAAAAAAAAAAAAAAAADPl7V1urVzgAAAAAAAAAAAAIAAwAACSAAAAAAAAAAAAAAAAAAAAAIQXNzaWduZWQAEAAIAADRUyHMAAAAEQAIAADW6w4OAAAAAQAYAxRwlgMUb+cChD+vAAng8gAJpDUAApg3AAIAX01hY2ludG9zaCBIRDpVc2VyczoAbGFkeWJ1ZzoARHJvcGJveDoAUVAyOgBSZXNvdXJjZXM6AEFzc2lnbmVkOgBBdXRvc2VnbWVudGFsIHNwcmVhIzMzRTVFRDUucGRmAAAOAGIAMABBAHUAdABvAHMAZQBnAG0AZQBuAHQAYQBsACAAcwBwAHIAZQBhAGQAaQBuAGcAIABpAG4AIABPAHAAdABpAG0AYQBsAGkAdAB5ACAAVABoAGUAbwByAHkALgBwAGQAZgAPABoADABNAGEAYwBpAG4AdABvAHMAaAAgAEgARAASAF1Vc2Vycy9sYWR5YnVnL0Ryb3Bib3gvUVAyL1Jlc291cmNlcy9Bc3NpZ25lZC9BdXRvc2VnbWVudGFsIHNwcmVhZGluZyBpbiBPcHRpbWFsaXR5IFRoZW9yeS5wZGYAABMAAS8AABUAAgAO//8AAAAIAA0AGgAkAHAAAAAAAAACAQAAAAAAAAAFAAAAAAAAAAAAAAAAAAACpA==}}

@inproceedings{walker2014,
	Author = {Rachel Walker},
	Booktitle = {Proceedings of the Annual Meeting on Phonology},
	Date-Added = {2018-04-23 19:55:19 +0000},
	Date-Modified = {2019-03-28 15:51:41 -0400},
	Title = {Surface Correspondence and Discrete Harmony Triggers},
	Year = {2014},
	Bdsk-File-1 = {YnBsaXN0MDDSAQIDBFxyZWxhdGl2ZVBhdGhZYWxpYXNEYXRhXxA9Li4vLi4vUmVzb3VyY2VzL1Zvd2VsIEhhcm1vbnkvV2Fsa2VyMjAxNC1kaXNjcmV0ZXRyaWdnZXJzLnBkZk8RAh4AAAAAAh4AAgAADE1hY2ludG9zaCBIRAAAAAAAAAAAAAAAAAAAANFS6YxIKwAAAyVrUB9XYWxrZXIyMDE0LWRpc2NyZXRldHJpZ2dlcnMucGRmAAAAAAAAAAAAAAAAAAAAAAAAAAAAAAAAAAAAAAAAAAADSnKq1wOg8gAAAAAAAAAAAAIAAwAACSAAAAAAAAAAAAAAAAAAAAANVm93ZWwgSGFybW9ueQAAEAAIAADRUyHMAAAAEQAIAADXA9kyAAAAAQAYAyVrUAMUb+cDzEZzAAng8gAJpDUAApg3AAIAbU1hY2ludG9zaCBIRDpVc2VyczoAbGFkeWJ1ZzoARHJvcGJveDoARGlzc2VydGF0aW9uOgBSZXNvdXJjZXM6AFZvd2VsIEhhcm1vbnk6AFdhbGtlcjIwMTQtZGlzY3JldGV0cmlnZ2Vycy5wZGYAAA4AQAAfAFcAYQBsAGsAZQByADIAMAAxADQALQBkAGkAcwBjAHIAZQB0AGUAdAByAGkAZwBnAGUAcgBzAC4AcABkAGYADwAaAAwATQBhAGMAaQBuAHQAbwBzAGgAIABIAEQAEgBaVXNlcnMvbGFkeWJ1Zy9Ecm9wYm94L0Rpc3NlcnRhdGlvbi9SZXNvdXJjZXMvVm93ZWwgSGFybW9ueS9XYWxrZXIyMDE0LWRpc2NyZXRldHJpZ2dlcnMucGRmABMAAS8AABUAAgAO//8AAAAIAA0AGgAkAGQAAAAAAAACAQAAAAAAAAAFAAAAAAAAAAAAAAAAAAAChg==}}

@article{ringenheinamaki1999,
	Author = {Catherine Ringen and Orvokki Heinamaki},
	Date-Added = {2018-04-23 19:49:34 +0000},
	Date-Modified = {2018-05-17 18:06:45 +0000},
	Journal = {Natural Languge and Linguistic Theory},
	Pages = {303-337},
	Title = {Variation in Finnish Vowel Harmony: an OT account},
	Volume = {17},
	Year = {1999},
	Bdsk-File-1 = {YnBsaXN0MDDSAQIDBFxyZWxhdGl2ZVBhdGhZYWxpYXNEYXRhXxBJLi4vLi4vUmVzb3VyY2VzL1Zvd2VsIEhhcm1vbnkvRmlubmlzaC9SaW5nZW5IZWluYW1ha2kxOTk5LWZpbm5pc2h2aG90LnBkZk8RAjgAAAAAAjgAAgAADE1hY2ludG9zaCBIRAAAAAAAAAAAAAAAAAAAANFS6YxIKwAAA2rZYB9SaW5nZW5IZWluYW1ha2kxOTk5IzM3NTQ4NTMucGRmAAAAAAAAAAAAAAAAAAAAAAAAAAAAAAAAAAAAAAAAAAADdUhT11v+a1BERiBDQVJPAAIABAAACSAAAAAAAAAAAAAAAAAAAAAHRmlubmlzaAAAEAAIAADRUyHMAAAAEQAIAADXXDarAAAAAQAcA2rZYAMla1ADFG/nA8xGcwAJ4PIACaQ1AAKYNwACAHZNYWNpbnRvc2ggSEQ6VXNlcnM6AGxhZHlidWc6AERyb3Bib3g6AERpc3NlcnRhdGlvbjoAUmVzb3VyY2VzOgBWb3dlbCBIYXJtb255OgBGaW5uaXNoOgBSaW5nZW5IZWluYW1ha2kxOTk5IzM3NTQ4NTMucGRmAA4ASAAjAFIAaQBuAGcAZQBuAEgAZQBpAG4AYQBtAGEAawBpADEAOQA5ADkALQBmAGkAbgBuAGkAcwBoAHYAaABvAHQALgBwAGQAZgAPABoADABNAGEAYwBpAG4AdABvAHMAaAAgAEgARAASAGZVc2Vycy9sYWR5YnVnL0Ryb3Bib3gvRGlzc2VydGF0aW9uL1Jlc291cmNlcy9Wb3dlbCBIYXJtb255L0Zpbm5pc2gvUmluZ2VuSGVpbmFtYWtpMTk5OS1maW5uaXNodmhvdC5wZGYAEwABLwAAFQACAA7//wAAAAgADQAaACQAcAAAAAAAAAIBAAAAAAAAAAUAAAAAAAAAAAAAAAAAAAKs}}

@incollection{rosewalker2011,
	Author = {Sharon Rose and Rachel Walker},
	Booktitle = {The Handbook of Phonological Theory},
	Date-Added = {2018-04-19 04:34:01 +0000},
	Date-Modified = {2018-04-23 22:30:39 +0000},
	Editor = {John Goldsmith and Jason Riggle and Alan Yu},
	Pages = {240-290},
	Publisher = {Blackwell},
	Title = {Harmony Systems},
	Year = {2011}}

@inproceedings{jardineheinzcls,
	Author = {Adam Jardine and Jeffrey Heinz},
	Booktitle = {Proceedings of the 51st Annual Meeting of the Chicago Linguistics Society},
	Date-Added = {2018-04-19 04:06:54 +0000},
	Date-Modified = {2018-04-19 04:09:39 +0000},
	Title = {Markedess constraints are negative: An autosegmental constraint definition language},
	Year = {2015},
	Bdsk-File-1 = {YnBsaXN0MDDSAQIDBFxyZWxhdGl2ZVBhdGhZYWxpYXNEYXRhXxA7Li4vLi4vUmVzb3VyY2VzL0phcmRpbmVIZWluejIwMTUtYXV0b3NlZ21lbnRhbENETF9DTFM1MS5wZGZPEQIcAAAAAAIcAAIAAAxNYWNpbnRvc2ggSEQAAAAAAAAAAAAAAAAAAADRUumMSCsAAAMUb+cfSmFyZGluZUhlaW56MjAxNS1hdSMzM0UxNzFGLnBkZgAAAAAAAAAAAAAAAAAAAAAAAAAAAAAAAAAAAAAAAAAAAz4XH9bqaoAAAAAAAAAAAAACAAIAAAkgAAAAAAAAAAAAAAAAAAAACVJlc291cmNlcwAAEAAIAADRUyHMAAAAEQAIAADW6qLAAAAAAQAUAxRv5wPMRnMACeDyAAmkNQACmDcAAgBeTWFjaW50b3NoIEhEOlVzZXJzOgBsYWR5YnVnOgBEcm9wYm94OgBEaXNzZXJ0YXRpb246AFJlc291cmNlczoASmFyZGluZUhlaW56MjAxNS1hdSMzM0UxNzFGLnBkZgAOAFgAKwBKAGEAcgBkAGkAbgBlAEgAZQBpAG4AegAyADAAMQA1AC0AYQB1AHQAbwBzAGUAZwBtAGUAbgB0AGEAbABDAEQATABfAEMATABTADUAMQAuAHAAZABmAA8AGgAMAE0AYQBjAGkAbgB0AG8AcwBoACAASABEABIAWFVzZXJzL2xhZHlidWcvRHJvcGJveC9EaXNzZXJ0YXRpb24vUmVzb3VyY2VzL0phcmRpbmVIZWluejIwMTUtYXV0b3NlZ21lbnRhbENETF9DTFM1MS5wZGYAEwABLwAAFQACAA7//wAAAAgADQAaACQAYgAAAAAAAAIBAAAAAAAAAAUAAAAAAAAAAAAAAAAAAAKC}}

@book{princesmolensky2004,
	Author = {Alan Prince and Paul Smolensky},
	Date-Added = {2018-04-09 12:59:57 +0000},
	Date-Modified = {2018-04-09 13:00:49 +0000},
	Publisher = {Blackwell},
	Title = {Optimality Theory: Constraint interaction in generative grammar},
	Year = {2004}}

@techreport{princesmolensky1993,
	Author = {Alan Prince and Paul Smolensky},
	Date-Added = {2018-04-09 12:57:20 +0000},
	Date-Modified = {2018-04-09 12:59:48 +0000},
	Institution = {Rutgers University Center for Cognitive Science},
	Number = {2},
	Title = {Optimality Theory: Constraint interaction in generative grammar},
	Year = {1993}}

@inbook{delacy2011,
	Author = {Paul deLacy},
	Date-Added = {2018-04-09 12:20:20 +0000},
	Date-Modified = {2018-04-09 13:21:20 +0000},
	Editor = {Mark van Oostendorp and Colin Ewen and Elizabeth Hume and Keren Rice},
	Pages = {1-22},
	Publisher = {Blackwell},
	Series = {Blackwell Companion to Phonology},
	Title = {Markedness and faithfulness constraints},
	Year = {2011}}

@periodical{nichiosainpadgett2001,
	Author = {M{\'a}ire N{\'\i}Chios{\'a}in and Jaye Padgett},
	Date-Added = {2018-04-09 12:00:10 +0000},
	Date-Modified = {2018-06-19 17:20:59 +0000},
	Howpublished = {Linguistics Research Center},
	Institution = {University of California Santa Cruz},
	Journal = {Segmental phonology in Optimality Theory: Constraints and representations},
	Number = {LRC-97-01},
	Pages = {118-156},
	Title = {Markedness, segment realization, and locality in spreading},
	Year = {2001},
	Bdsk-File-1 = {YnBsaXN0MDDSAQIDBFxyZWxhdGl2ZVBhdGhZYWxpYXNEYXRhXxAmLi4vLi4vUmVzb3VyY2VzL3JvYS0xODgtY2hpb3NhaW4tMy5wZGZPEQHCAAAAAAHCAAIAAAxNYWNpbnRvc2ggSEQAAAAAAAAAAAAAAAAAAADRUumMSCsAAAMUb+cWcm9hLTE4OC1jaGlvc2Fpbi0zLnBkZgAAAAAAAAAAAAAAAAAAAAAAAAAAAAAAAAAAAAAAAAAAAAAAAAAAAAAAA0HS0tbwzeYAAAAAAAAAAAACAAIAAAkgAAAAAAAAAAAAAAAAAAAACVJlc291cmNlcwAAEAAIAADRUyHMAAAAEQAIAADW8QYmAAAAAQAUAxRv5wKEP68ACeDyAAmkNQACmDcAAgBMTWFjaW50b3NoIEhEOlVzZXJzOgBsYWR5YnVnOgBEcm9wYm94OgBRUDI6AFJlc291cmNlczoAcm9hLTE4OC1jaGlvc2Fpbi0zLnBkZgAOAC4AFgByAG8AYQAtADEAOAA4AC0AYwBoAGkAbwBzAGEAaQBuAC0AMwAuAHAAZABmAA8AGgAMAE0AYQBjAGkAbgB0AG8AcwBoACAASABEABIAOlVzZXJzL2xhZHlidWcvRHJvcGJveC9RUDIvUmVzb3VyY2VzL3JvYS0xODgtY2hpb3NhaW4tMy5wZGYAEwABLwAAFQACAA7//wAAAAgADQAaACQATQAAAAAAAAIBAAAAAAAAAAUAAAAAAAAAAAAAAAAAAAIT}}

@phdthesis{sagey1986,
	Author = {Elizabeth Sagey},
	Date-Added = {2018-04-09 11:40:20 +0000},
	Date-Modified = {2018-04-09 11:41:58 +0000},
	School = {Massachusetts Institute of Technology},
	Title = {The representation of features and relations in non-linear phonology},
	Year = {1986},
	Bdsk-File-1 = {YnBsaXN0MDDSAQIDBFxyZWxhdGl2ZVBhdGhZYWxpYXNEYXRhXxBZLi4vLi4vLi4vRG9jdW1lbnRzL1J1dGdlcnNDb3Vyc2VzL1Bob25vIDMvRmluYWwgUGFwZXIvc2FnZXk4Nm5vbmxpbmVhcnJlcHJlc2VudGF0aW9ucy5wZGZPEQI8AAAAAAI8AAIAAAxNYWNpbnRvc2ggSEQAAAAAAAAAAAAAAAAAAADRUumMSCsAAAHy4Zsfc2FnZXk4Nm5vbmxpbmVhcnJlcCMyMDlDMzA1LnBkZgAAAAAAAAAAAAAAAAAAAAAAAAAAAAAAAAAAAAAAAAAAAgnDBdRTJWQAAAAAAAAAAAADAAUAAAkgAAAAAAAAAAAAAAAAAAAAC0ZpbmFsIFBhcGVyAAAQAAgAANFTIcwAAAARAAgAANRTa7QAAAABABwB8uGbAdKf5gAtWTAACeMMAAng8gAJpDUAApg3AAIAdk1hY2ludG9zaCBIRDpVc2VyczoAbGFkeWJ1ZzoARHJvcGJveDoARG9jdW1lbnRzOgBSdXRnZXJzQ291cnNlczoAUGhvbm8gMzoARmluYWwgUGFwZXI6AHNhZ2V5ODZub25saW5lYXJyZXAjMjA5QzMwNS5wZGYADgBIACMAcwBhAGcAZQB5ADgANgBuAG8AbgBsAGkAbgBlAGEAcgByAGUAcAByAGUAcwBlAG4AdABhAHQAaQBvAG4AcwAuAHAAZABmAA8AGgAMAE0AYQBjAGkAbgB0AG8AcwBoACAASABEABIAZlVzZXJzL2xhZHlidWcvRHJvcGJveC9Eb2N1bWVudHMvUnV0Z2Vyc0NvdXJzZXMvUGhvbm8gMy9GaW5hbCBQYXBlci9zYWdleTg2bm9ubGluZWFycmVwcmVzZW50YXRpb25zLnBkZgATAAEvAAAVAAIADv//AAAACAANABoAJACAAAAAAAAAAgEAAAAAAAAABQAAAAAAAAAAAAAAAAAAAsA=}}

@article{sagey1988,
	Author = {Elizabeth Sagey},
	Date-Added = {2018-04-09 11:38:50 +0000},
	Date-Modified = {2018-04-09 11:40:04 +0000},
	Journal = {Linguistic Inquiry},
	Number = {1},
	Pages = {109-118},
	Title = {On the ill-formedness of crossing association lines},
	Volume = {19},
	Year = {1988},
	Bdsk-File-1 = {YnBsaXN0MDDSAQIDBFxyZWxhdGl2ZVBhdGhZYWxpYXNEYXRhXxBdLi4vLi4vLi4vRG9jdW1lbnRzL1J1dGdlcnNDb3Vyc2VzL1Bob25vIDMvRmluYWwgUGFwZXIvc2FnZXk4OGlsbGZvcm1lZG5lc3NvZmNyb3NzaW5nbGluZXMucGRmTxECSAAAAAACSAACAAAMTWFjaW50b3NoIEhEAAAAAAAAAAAAAAAAAAAA0VLpjEgrAAAB8uGbH3NhZ2V5ODhpbGxmb3JtZWRuZXMjMjFBMjU4Ny5wZGYAAAAAAAAAAAAAAAAAAAAAAAAAAAAAAAAAAAAAAAAAAAIaJYfUbvgLAAAAAAAAAAAAAwAFAAAJIAAAAAAAAAAAAAAAAAAAAAtGaW5hbCBQYXBlcgAAEAAIAADRUyHMAAAAEQAIAADUbz5bAAAAAQAcAfLhmwHSn+YALVkwAAnjDAAJ4PIACaQ1AAKYNwACAHZNYWNpbnRvc2ggSEQ6VXNlcnM6AGxhZHlidWc6AERyb3Bib3g6AERvY3VtZW50czoAUnV0Z2Vyc0NvdXJzZXM6AFBob25vIDM6AEZpbmFsIFBhcGVyOgBzYWdleTg4aWxsZm9ybWVkbmVzIzIxQTI1ODcucGRmAA4AUAAnAHMAYQBnAGUAeQA4ADgAaQBsAGwAZgBvAHIAbQBlAGQAbgBlAHMAcwBvAGYAYwByAG8AcwBzAGkAbgBnAGwAaQBuAGUAcwAuAHAAZABmAA8AGgAMAE0AYQBjAGkAbgB0AG8AcwBoACAASABEABIAalVzZXJzL2xhZHlidWcvRHJvcGJveC9Eb2N1bWVudHMvUnV0Z2Vyc0NvdXJzZXMvUGhvbm8gMy9GaW5hbCBQYXBlci9zYWdleTg4aWxsZm9ybWVkbmVzc29mY3Jvc3NpbmdsaW5lcy5wZGYAEwABLwAAFQACAA7//wAAAAgADQAaACQAhAAAAAAAAAIBAAAAAAAAAAUAAAAAAAAAAAAAAAAAAALQ}}

@article{odden1994,
	Author = {David Odden},
	Date-Added = {2018-04-09 11:35:17 +0000},
	Date-Modified = {2018-04-09 11:36:46 +0000},
	Journal = {Language},
	Number = {2},
	Pages = {289-330},
	Title = {Adjacency parameters in phonology},
	Volume = {70},
	Year = {1994},
	Bdsk-File-1 = {YnBsaXN0MDDSAQIDBFxyZWxhdGl2ZVBhdGhZYWxpYXNEYXRhXxBgLi4vLi4vLi4vRG9jdW1lbnRzL1J1dGdlcnNDb3Vyc2VzL1Bob25vIDMvRmluYWwgUGFwZXIvb2RkZW4xOTk0ZGlzdGFuY2VwYXJhbWV0ZXJzaW5waG9ub2xvZ3kucGRmTxECUgAAAAACUgACAAAMTWFjaW50b3NoIEhEAAAAAAAAAAAAAAAAAAAA0VLpjEgrAAAB8uGbH29kZGVuMTk5NGRpc3RhbmNlcGEjMUY5NTU2QS5wZGYAAAAAAAAAAAAAAAAAAAAAAAAAAAAAAAAAAAAAAAAAAAH5VWrUOCs5AAAAAAAAAAAAAwAFAAAJIAAAAAAAAAAAAAAAAAAAAAtGaW5hbCBQYXBlcgAAEAAIAADRUyHMAAAAEQAIAADUOGN5AAAAAQAcAfLhmwHSn+YALVkwAAnjDAAJ4PIACaQ1AAKYNwACAHZNYWNpbnRvc2ggSEQ6VXNlcnM6AGxhZHlidWc6AERyb3Bib3g6AERvY3VtZW50czoAUnV0Z2Vyc0NvdXJzZXM6AFBob25vIDM6AEZpbmFsIFBhcGVyOgBvZGRlbjE5OTRkaXN0YW5jZXBhIzFGOTU1NkEucGRmAA4AVgAqAG8AZABkAGUAbgAxADkAOQA0AGQAaQBzAHQAYQBuAGMAZQBwAGEAcgBhAG0AZQB0AGUAcgBzAGkAbgBwAGgAbwBuAG8AbABvAGcAeQAuAHAAZABmAA8AGgAMAE0AYQBjAGkAbgB0AG8AcwBoACAASABEABIAbVVzZXJzL2xhZHlidWcvRHJvcGJveC9Eb2N1bWVudHMvUnV0Z2Vyc0NvdXJzZXMvUGhvbm8gMy9GaW5hbCBQYXBlci9vZGRlbjE5OTRkaXN0YW5jZXBhcmFtZXRlcnNpbnBob25vbG9neS5wZGYAABMAAS8AABUAAgAO//8AAAAIAA0AGgAkAIcAAAAAAAACAQAAAAAAAAAFAAAAAAAAAAAAAAAAAAAC3Q==}}

@article{odden1991,
	Author = {David Odden},
	Date-Added = {2018-04-09 11:34:15 +0000},
	Date-Modified = {2018-04-09 11:35:13 +0000},
	Journal = {Phonology},
	Number = {2},
	Pages = {261-289},
	Title = {Vowel Geometry},
	Volume = {8},
	Year = {1991},
	Bdsk-File-1 = {YnBsaXN0MDDSAQIDBFxyZWxhdGl2ZVBhdGhZYWxpYXNEYXRhXxBDLi4vLi4vLi4vRG9jdW1lbnRzL1J1dGdlcnNDb3Vyc2VzL1Bob25vIDMvRmluYWwgUGFwZXIvT2RkZW4xOTkxLnBkZk8RAegAAAAAAegAAgAADE1hY2ludG9zaCBIRAAAAAAAAAAAAAAAAAAAANFS6YxIKwAAAfLhmw1PZGRlbjE5OTEucGRmAAAAAAAAAAAAAAAAAAAAAAAAAAAAAAAAAAAAAAAAAAAAAAAAAAAAAAAAAAAAAAAAAAACINjm1Hdl4VBERiBDQVJPAAMABQAACSAAAAAAAAAAAAAAAAAAAAALRmluYWwgUGFwZXIAABAACAAA0VMhzAAAABEACAAA1HesMQAAAAEAHAHy4ZsB0p/mAC1ZMAAJ4wwACeDyAAmkNQACmDcAAgBkTWFjaW50b3NoIEhEOlVzZXJzOgBsYWR5YnVnOgBEcm9wYm94OgBEb2N1bWVudHM6AFJ1dGdlcnNDb3Vyc2VzOgBQaG9ubyAzOgBGaW5hbCBQYXBlcjoAT2RkZW4xOTkxLnBkZgAOABwADQBPAGQAZABlAG4AMQA5ADkAMQAuAHAAZABmAA8AGgAMAE0AYQBjAGkAbgB0AG8AcwBoACAASABEABIAUFVzZXJzL2xhZHlidWcvRHJvcGJveC9Eb2N1bWVudHMvUnV0Z2Vyc0NvdXJzZXMvUGhvbm8gMy9GaW5hbCBQYXBlci9PZGRlbjE5OTEucGRmABMAAS8AABUAAgAO//8AAAAIAA0AGgAkAGoAAAAAAAACAQAAAAAAAAAFAAAAAAAAAAAAAAAAAAACVg==}}

@article{rogersetal2013,
	Author = {James Rogers and Jeffrey Heinz and Margaret Fero and Jeremy Hurst and Dakota Lambert and Sean Wibel},
	Date-Added = {2018-04-09 11:28:24 +0000},
	Date-Modified = {2018-04-09 11:44:14 +0000},
	Journal = {Formal Grammar},
	Pages = {90-108},
	Title = {Cognitive and sub-regular complexity},
	Year = {2013},
	Bdsk-File-1 = {YnBsaXN0MDDSAQIDBFxyZWxhdGl2ZVBhdGhZYWxpYXNEYXRhXxA8Li4vLi4vUmVzb3VyY2VzL1JvZ2Vyc2V0YWwyMDEzLWNvZ25pdGl2ZXN1YnJlZ2NvbXBsZXhpdHkucGRmTxECIAAAAAACIAACAAAMTWFjaW50b3NoIEhEAAAAAAAAAAAAAAAAAAAA0VLpjEgrAAADFG/nH1JvZ2Vyc2V0YWwyMDEzLWNvZ24jMUQ2MkI2MS5wZGYAAAAAAAAAAAAAAAAAAAAAAAAAAAAAAAAAAAAAAAAAAAHWK2HUADNAAAAAAAAAAAAAAgACAAAJIAAAAAAAAAAAAAAAAAAAAAlSZXNvdXJjZXMAABAACAAA0VMhzAAAABEACAAA1ABrgAAAAAEAFAMUb+cDzEZzAAng8gAJpDUAApg3AAIAXk1hY2ludG9zaCBIRDpVc2VyczoAbGFkeWJ1ZzoARHJvcGJveDoARGlzc2VydGF0aW9uOgBSZXNvdXJjZXM6AFJvZ2Vyc2V0YWwyMDEzLWNvZ24jMUQ2MkI2MS5wZGYADgBaACwAUgBvAGcAZQByAHMAZQB0AGEAbAAyADAAMQAzAC0AYwBvAGcAbgBpAHQAaQB2AGUAcwB1AGIAcgBlAGcAYwBvAG0AcABsAGUAeABpAHQAeQAuAHAAZABmAA8AGgAMAE0AYQBjAGkAbgB0AG8AcwBoACAASABEABIAWVVzZXJzL2xhZHlidWcvRHJvcGJveC9EaXNzZXJ0YXRpb24vUmVzb3VyY2VzL1JvZ2Vyc2V0YWwyMDEzLWNvZ25pdGl2ZXN1YnJlZ2NvbXBsZXhpdHkucGRmAAATAAEvAAAVAAIADv//AAAACAANABoAJABjAAAAAAAAAgEAAAAAAAAABQAAAAAAAAAAAAAAAAAAAoc=}}

@inproceedings{jardinelogcom,
	Author = {Adam Jardine},
	Booktitle = {15th Meeting on the Mathematics of Language},
	Date-Added = {2018-04-09 11:25:15 +0000},
	Date-Modified = {2018-04-09 11:27:50 +0000},
	Pages = {22-35},
	Title = {On the logical complexity of autosegmental representations},
	Year = {2017},
	Bdsk-File-1 = {YnBsaXN0MDDSAQIDBFxyZWxhdGl2ZVBhdGhZYWxpYXNEYXRhXxA6Li4vLi4vUmVzb3VyY2VzL0phcmRpbmUyMDE3LWxvZ2ljYWxjb21wbGV4aXR5QVJzX2RyYWZ0LnBkZk8RAhoAAAAAAhoAAgAADE1hY2ludG9zaCBIRAAAAAAAAAAAAAAAAAAAANFS6YxIKwAAAxRv5x9KYXJkaW5lMjAxNy1sb2dpY2FsIzI5RDVBQjQucGRmAAAAAAAAAAAAAAAAAAAAAAAAAAAAAAAAAAAAAAAAAAACnVq01ZWdIlBERiBDQVJPAAIAAgAACSAAAAAAAAAAAAAAAAAAAAAJUmVzb3VyY2VzAAAQAAgAANFTIcwAAAARAAgAANWV1WIAAAABABQDFG/nA8xGcwAJ4PIACaQ1AAKYNwACAF5NYWNpbnRvc2ggSEQ6VXNlcnM6AGxhZHlidWc6AERyb3Bib3g6AERpc3NlcnRhdGlvbjoAUmVzb3VyY2VzOgBKYXJkaW5lMjAxNy1sb2dpY2FsIzI5RDVBQjQucGRmAA4AVgAqAEoAYQByAGQAaQBuAGUAMgAwADEANwAtAGwAbwBnAGkAYwBhAGwAYwBvAG0AcABsAGUAeABpAHQAeQBBAFIAcwBfAGQAcgBhAGYAdAAuAHAAZABmAA8AGgAMAE0AYQBjAGkAbgB0AG8AcwBoACAASABEABIAV1VzZXJzL2xhZHlidWcvRHJvcGJveC9EaXNzZXJ0YXRpb24vUmVzb3VyY2VzL0phcmRpbmUyMDE3LWxvZ2ljYWxjb21wbGV4aXR5QVJzX2RyYWZ0LnBkZgAAEwABLwAAFQACAA7//wAAAAgADQAaACQAYQAAAAAAAAIBAAAAAAAAAAUAAAAAAAAAAAAAAAAAAAJ/}}

@phdthesis{jardinediss,
	Author = {Adam Jardine},
	Date-Added = {2018-04-09 11:21:19 +0000},
	Date-Modified = {2018-04-09 11:22:18 +0000},
	School = {University of Delaware},
	Title = {Locality and non-linear representations in tonal phonology},
	Year = {2016},
	Bdsk-File-1 = {YnBsaXN0MDDSAQIDBFxyZWxhdGl2ZVBhdGhZYWxpYXNEYXRhXxA0Li4vLi4vUmVzb3VyY2VzL0phcmRpbmUyMDE2LWxvY2Fsbm9ubGluZXJlcF9kaXNzLnBkZk8RAggAAAAAAggAAgAADE1hY2ludG9zaCBIRAAAAAAAAAAAAAAAAAAAANFS6YxIKwAAAxRv5x9KYXJkaW5lMjAxNi1sb2NhbG5vIzM0MUFDQ0QucGRmAAAAAAAAAAAAAAAAAAAAAAAAAAAAAAAAAAAAAAAAAAADQazN1vAvzAAAAAAAAAAAAAIAAgAACSAAAAAAAAAAAAAAAAAAAAAJUmVzb3VyY2VzAAAQAAgAANFTIcwAAAARAAgAANbwaAwAAAABABQDFG/nA8xGcwAJ4PIACaQ1AAKYNwACAF5NYWNpbnRvc2ggSEQ6VXNlcnM6AGxhZHlidWc6AERyb3Bib3g6AERpc3NlcnRhdGlvbjoAUmVzb3VyY2VzOgBKYXJkaW5lMjAxNi1sb2NhbG5vIzM0MUFDQ0QucGRmAA4ASgAkAEoAYQByAGQAaQBuAGUAMgAwADEANgAtAGwAbwBjAGEAbABuAG8AbgBsAGkAbgBlAHIAZQBwAF8AZABpAHMAcwAuAHAAZABmAA8AGgAMAE0AYQBjAGkAbgB0AG8AcwBoACAASABEABIAUVVzZXJzL2xhZHlidWcvRHJvcGJveC9EaXNzZXJ0YXRpb24vUmVzb3VyY2VzL0phcmRpbmUyMDE2LWxvY2Fsbm9ubGluZXJlcF9kaXNzLnBkZgAAEwABLwAAFQACAA7//wAAAAgADQAaACQAWwAAAAAAAAIBAAAAAAAAAAUAAAAAAAAAAAAAAAAAAAJn}}

@phdthesis{Goldsmith1976,
	Author = {John Goldsmith},
	Date-Added = {2018-04-09 11:16:36 +0000},
	Date-Modified = {2018-04-09 11:19:32 +0000},
	School = {Massachusetts Institute of Technology},
	Title = {Autosegmental Phonology},
	Year = {1976}}

@periodical{crothersshibatani1980,
	Author = {John Crothers and Masayoshi Shibatani},
	Date-Added = {2018-04-02 18:34:53 +0000},
	Date-Modified = {2018-04-09 11:43:31 +0000},
	Journal = {Issues in Vowel Harmony},
	Pages = {63-68},
	Title = {Issues in the description of Turkish vowel harmony},
	Year = {1980},
	Bdsk-File-1 = {YnBsaXN0MDDSAQIDBFxyZWxhdGl2ZVBhdGhZYWxpYXNEYXRhXxBJLi4vLi4vUmVzb3VyY2VzL1Zvd2VsIEhhcm1vbnkvVHVya2lzaC9Dcm90aGVyc1NoaWJhdGFuaTE5NzctdHVya2lzaHZoLnBkZk8RAjgAAAAAAjgAAgAADE1hY2ludG9zaCBIRAAAAAAAAAAAAAAAAAAAANFS6YxIKwAAA2rZLx9Dcm90aGVyc1NoaWJhdGFuaTE5IzMyNTZDRjYucGRmAAAAAAAAAAAAAAAAAAAAAAAAAAAAAAAAAAAAAAAAAAADJWz21rnypAAAAAAAAAAAAAIABAAACSAAAAAAAAAAAAAAAAAAAAAHVHVya2lzaAAAEAAIAADRUyHMAAAAEQAIAADWujj0AAAAAQAcA2rZLwMla1ADFG/nA8xGcwAJ4PIACaQ1AAKYNwACAHZNYWNpbnRvc2ggSEQ6VXNlcnM6AGxhZHlidWc6AERyb3Bib3g6AERpc3NlcnRhdGlvbjoAUmVzb3VyY2VzOgBWb3dlbCBIYXJtb255OgBUdXJraXNoOgBDcm90aGVyc1NoaWJhdGFuaTE5IzMyNTZDRjYucGRmAA4ASAAjAEMAcgBvAHQAaABlAHIAcwBTAGgAaQBiAGEAdABhAG4AaQAxADkANwA3AC0AdAB1AHIAawBpAHMAaAB2AGgALgBwAGQAZgAPABoADABNAGEAYwBpAG4AdABvAHMAaAAgAEgARAASAGZVc2Vycy9sYWR5YnVnL0Ryb3Bib3gvRGlzc2VydGF0aW9uL1Jlc291cmNlcy9Wb3dlbCBIYXJtb255L1R1cmtpc2gvQ3JvdGhlcnNTaGliYXRhbmkxOTc3LXR1cmtpc2h2aC5wZGYAEwABLwAAFQACAA7//wAAAAgADQAaACQAcAAAAAAAAAIBAAAAAAAAAAUAAAAAAAAAAAAAAAAAAAKs}}

@inproceedings{vdHulst2017,
	Author = {Harry {van der Hulst}},
	Booktitle = {Approaches to Hungarian},
	Date-Added = {2018-04-02 18:29:30 +0000},
	Date-Modified = {2018-10-03 18:52:45 -0400},
	Publisher = {John Benjamins Publishing Company},
	Series = {Leiden Conference},
	Title = {A representational account of vowel harmony in terms of variable elements and licensing},
	Volume = {15},
	Year = {2017},
	Bdsk-File-1 = {YnBsaXN0MDDSAQIDBFxyZWxhdGl2ZVBhdGhZYWxpYXNEYXRhXxAzLi4vLi4vUmVzb3VyY2VzL1Zvd2VsIEhhcm1vbnkvdmRIdWxzdDIwMTctcmVwVkgucGRmTxEB9gAAAAAB9gACAAAMTWFjaW50b3NoIEhEAAAAAAAAAAAAAAAAAAAA0VLpjEgrAAADJWtQFXZkSHVsc3QyMDE3LXJlcFZILnBkZgAAAAAAAAAAAAAAAAAAAAAAAAAAAAAAAAAAAAAAAAAAAAAAAAAAAAAAAAMn/rzWvwAEAAAAAAAAAAAAAgADAAAJIAAAAAAAAAAAAAAAAAAAAA1Wb3dlbCBIYXJtb255AAAQAAgAANFTIcwAAAARAAgAANa/RlQAAAABABgDJWtQAxRv5wPMRnMACeDyAAmkNQACmDcAAgBjTWFjaW50b3NoIEhEOlVzZXJzOgBsYWR5YnVnOgBEcm9wYm94OgBEaXNzZXJ0YXRpb246AFJlc291cmNlczoAVm93ZWwgSGFybW9ueToAdmRIdWxzdDIwMTctcmVwVkgucGRmAAAOACwAFQB2AGQASAB1AGwAcwB0ADIAMAAxADcALQByAGUAcABWAEgALgBwAGQAZgAPABoADABNAGEAYwBpAG4AdABvAHMAaAAgAEgARAASAFBVc2Vycy9sYWR5YnVnL0Ryb3Bib3gvRGlzc2VydGF0aW9uL1Jlc291cmNlcy9Wb3dlbCBIYXJtb255L3ZkSHVsc3QyMDE3LXJlcFZILnBkZgATAAEvAAAVAAIADv//AAAACAANABoAJABaAAAAAAAAAgEAAAAAAAAABQAAAAAAAAAAAAAAAAAAAlQ=}}

@article{mccarthyfg1988,
	Author = {John McCarthy},
	Date-Added = {2018-03-22 06:05:40 +0000},
	Date-Modified = {2018-03-22 06:07:58 +0000},
	Journal = {Phonetica},
	Title = {Feature geometry and dependency: a review},
	Url = {http://scholarworks.umass.edu/linguist_faculty_pubs/38},
	Volume = {38},
	Year = {1988},
	Bdsk-File-1 = {YnBsaXN0MDDSAQIDBFxyZWxhdGl2ZVBhdGhZYWxpYXNEYXRhXxA6Li4vLi4vUmVzb3VyY2VzL01jY2FydGh5MTk4OC1mZWF0dXJlZ2VvbWV0cnlkZXBlbmRlbmN5LnBkZk8RAhoAAAAAAhoAAgAADE1hY2ludG9zaCBIRAAAAAAAAAAAAAAAAAAAANFS6YxIKwAAAxRv5x9NY2NhcnRoeTE5ODgtZmVhdHVyIzMzMzI2MDcucGRmAAAAAAAAAAAAAAAAAAAAAAAAAAAAAAAAAAAAAAAAAAADMyYH1jHIQgAAAAAAAAAAAAIAAgAACSAAAAAAAAAAAAAAAAAAAAAJUmVzb3VyY2VzAAAQAAgAANFTIcwAAAARAAgAANYyDpIAAAABABQDFG/nA8xGcwAJ4PIACaQ1AAKYNwACAF5NYWNpbnRvc2ggSEQ6VXNlcnM6AGxhZHlidWc6AERyb3Bib3g6AERpc3NlcnRhdGlvbjoAUmVzb3VyY2VzOgBNY2NhcnRoeTE5ODgtZmVhdHVyIzMzMzI2MDcucGRmAA4AVgAqAE0AYwBjAGEAcgB0AGgAeQAxADkAOAA4AC0AZgBlAGEAdAB1AHIAZQBnAGUAbwBtAGUAdAByAHkAZABlAHAAZQBuAGQAZQBuAGMAeQAuAHAAZABmAA8AGgAMAE0AYQBjAGkAbgB0AG8AcwBoACAASABEABIAV1VzZXJzL2xhZHlidWcvRHJvcGJveC9EaXNzZXJ0YXRpb24vUmVzb3VyY2VzL01jY2FydGh5MTk4OC1mZWF0dXJlZ2VvbWV0cnlkZXBlbmRlbmN5LnBkZgAAEwABLwAAFQACAA7//wAAAAgADQAaACQAYQAAAAAAAAIBAAAAAAAAAAUAAAAAAAAAAAAAAAAAAAJ/}}

@booklet{Clements1976,
	Author = {George Clements},
	Date-Added = {2018-03-21 18:52:57 +0000},
	Date-Modified = {2019-02-26 04:21:06 -0500},
	Howpublished = {Bloomington, Indiana University Linguistics Club},
	Title = {Vowel Harmony in non-linear generative phonology: an autosegmental model},
	Year = {1976},
	Bdsk-File-1 = {YnBsaXN0MDDSAQIDBFxyZWxhdGl2ZVBhdGhZYWxpYXNEYXRhXxAzLi4vLi4vUmVzb3VyY2VzL0NsZW1lbnRzMTk3Ni12aGF1dG9zZWdtZW50X2Rpc3MucGRmTxECBAAAAAACBAACAAAMTWFjaW50b3NoIEhEAAAAAAAAAAAAAAAAAAAA0VLpjEgrAAADFG/nH0NsZW1lbnRzMTk3Ni12aGF1dG8jMzZGMDE3Ri5wZGYAAAAAAAAAAAAAAAAAAAAAAAAAAAAAAAAAAAAAAAAAAANvAX/W8CwTAAAAAAAAAAAAAgACAAAJIAAAAAAAAAAAAAAAAAAAAAlSZXNvdXJjZXMAABAACAAA0VMhzAAAABEACAAA1vBkUwAAAAEAFAMUb+cDzEZzAAng8gAJpDUAApg3AAIAXk1hY2ludG9zaCBIRDpVc2VyczoAbGFkeWJ1ZzoARHJvcGJveDoARGlzc2VydGF0aW9uOgBSZXNvdXJjZXM6AENsZW1lbnRzMTk3Ni12aGF1dG8jMzZGMDE3Ri5wZGYADgBIACMAQwBsAGUAbQBlAG4AdABzADEAOQA3ADYALQB2AGgAYQB1AHQAbwBzAGUAZwBtAGUAbgB0AF8AZABpAHMAcwAuAHAAZABmAA8AGgAMAE0AYQBjAGkAbgB0AG8AcwBoACAASABEABIAUFVzZXJzL2xhZHlidWcvRHJvcGJveC9EaXNzZXJ0YXRpb24vUmVzb3VyY2VzL0NsZW1lbnRzMTk3Ni12aGF1dG9zZWdtZW50X2Rpc3MucGRmABMAAS8AABUAAgAO//8AAAAIAA0AGgAkAFoAAAAAAAACAQAAAAAAAAAFAAAAAAAAAAAAAAAAAAACYg==}}

@inbook{vdHulstSmith1986,
	Author = {Harry {van der Hulst} and Norval Smith},
	Booktitle = {The phonological representation of suprasegmentals},
	Date-Added = {2018-03-21 18:44:02 +0000},
	Date-Modified = {2018-10-03 18:58:36 -0400},
	Pages = {233-281},
	Title = {On neutral vowels},
	Year = {1986},
	Bdsk-File-1 = {YnBsaXN0MDDSAQIDBFxyZWxhdGl2ZVBhdGhZYWxpYXNEYXRhXxA7Li4vLi4vUmVzb3VyY2VzL1Zvd2VsIEhhcm1vbnkvdmRIdWxzdDE5ODYtbmV1dHJhbHZvd2Vscy5wZGZPEQIWAAAAAAIWAAIAAAxNYWNpbnRvc2ggSEQAAAAAAAAAAAAAAAAAAADRUumMSCsAAAMla1AddmRIdWxzdDE5ODYtbmV1dHJhbHZvd2Vscy5wZGYAAAAAAAAAAAAAAAAAAAAAAAAAAAAAAAAAAAAAAAAAAAAAAzE+J9bVh4QAAAAAAAAAAAACAAMAAAkgAAAAAAAAAAAAAAAAAAAADVZvd2VsIEhhcm1vbnkAABAACAAA0VMhzAAAABEACAAA1tW/xAAAAAEAGAMla1ADFG/nA8xGcwAJ4PIACaQ1AAKYNwACAGtNYWNpbnRvc2ggSEQ6VXNlcnM6AGxhZHlidWc6AERyb3Bib3g6AERpc3NlcnRhdGlvbjoAUmVzb3VyY2VzOgBWb3dlbCBIYXJtb255OgB2ZEh1bHN0MTk4Ni1uZXV0cmFsdm93ZWxzLnBkZgAADgA8AB0AdgBkAEgAdQBsAHMAdAAxADkAOAA2AC0AbgBlAHUAdAByAGEAbAB2AG8AdwBlAGwAcwAuAHAAZABmAA8AGgAMAE0AYQBjAGkAbgB0AG8AcwBoACAASABEABIAWFVzZXJzL2xhZHlidWcvRHJvcGJveC9EaXNzZXJ0YXRpb24vUmVzb3VyY2VzL1Zvd2VsIEhhcm1vbnkvdmRIdWxzdDE5ODYtbmV1dHJhbHZvd2Vscy5wZGYAEwABLwAAFQACAA7//wAAAAgADQAaACQAYgAAAAAAAAIBAAAAAAAAAAUAAAAAAAAAAAAAAAAAAAJ8}}

@book{Nevins2010,
	Author = {Andrew Nevins},
	Date-Added = {2018-03-21 18:42:28 +0000},
	Date-Modified = {2018-06-19 17:20:32 +0000},
	Journal = {Linguistic Inquiry Monographs},
	Publisher = {MIT Press},
	Title = {Locality in vowel harmony},
	Volume = {55},
	Year = {2010},
	Bdsk-File-1 = {YnBsaXN0MDDSAQIDBFxyZWxhdGl2ZVBhdGhZYWxpYXNEYXRhXxAvLi4vLi4vUmVzb3VyY2VzL0Fzc2lnbmVkL25ldmluczIwMTB2aGFybW9ueS5wZGZPEQHYAAAAAAHYAAIAAAxNYWNpbnRvc2ggSEQAAAAAAAAAAAAAAAAAAADRUumMSCsAAAMUcJYWbmV2aW5zMjAxMHZoYXJtb255LnBkZgAAAAAAAAAAAAAAAAAAAAAAAAAAAAAAAAAAAAAAAAAAAAAAAAAAAAAAA25nEta50NUAAAAAAAAAAAACAAMAAAkgAAAAAAAAAAAAAAAAAAAACEFzc2lnbmVkABAACAAA0VMhzAAAABEACAAA1roXJQAAAAEAGAMUcJYDFG/nAoQ/rwAJ4PIACaQ1AAKYNwACAFZNYWNpbnRvc2ggSEQ6VXNlcnM6AGxhZHlidWc6AERyb3Bib3g6AFFQMjoAUmVzb3VyY2VzOgBBc3NpZ25lZDoAbmV2aW5zMjAxMHZoYXJtb255LnBkZgAOAC4AFgBuAGUAdgBpAG4AcwAyADAAMQAwAHYAaABhAHIAbQBvAG4AeQAuAHAAZABmAA8AGgAMAE0AYQBjAGkAbgB0AG8AcwBoACAASABEABIAQ1VzZXJzL2xhZHlidWcvRHJvcGJveC9RUDIvUmVzb3VyY2VzL0Fzc2lnbmVkL25ldmluczIwMTB2aGFybW9ueS5wZGYAABMAAS8AABUAAgAO//8AAAAIAA0AGgAkAFYAAAAAAAACAQAAAAAAAAAFAAAAAAAAAAAAAAAAAAACMg==}}

@article{padgett2002,
	Author = {Jaye Padgett},
	Date-Added = {2018-03-21 18:39:11 +0000},
	Date-Modified = {2018-06-19 17:18:54 +0000},
	Journal = {Language},
	Number = {1},
	Pages = {81-110},
	Title = {Feature classes in phonology},
	Url = {http://www.jstor.org/stable/3086646},
	Volume = {78},
	Year = {2002},
	Bdsk-File-1 = {YnBsaXN0MDDSAQIDBFxyZWxhdGl2ZVBhdGhZYWxpYXNEYXRhXxBGLi4vLi4vUmVzb3VyY2VzL1Zvd2VsIEhhcm1vbnkvVHVya2lzaC9QYWRnZXR0MjAwMi1mZWF0dXJlY2xhc3NwaG9uLnBkZk8RAjAAAAAAAjAAAgAADE1hY2ludG9zaCBIRAAAAAAAAAAAAAAAAAAAANFS6YxIKwAAA2rZLx9QYWRnZXR0MjAwMi1mZWF0dXJlIzFFRUNDQ0IucGRmAAAAAAAAAAAAAAAAAAAAAAAAAAAAAAAAAAAAAAAAAAAB7szL1CPrwQAAAAAAAAAAAAIABAAACSAAAAAAAAAAAAAAAAAAAAAHVHVya2lzaAAAEAAIAADRUyHMAAAAEQAIAADUJCQBAAAAAQAcA2rZLwMla1ADFG/nA8xGcwAJ4PIACaQ1AAKYNwACAHZNYWNpbnRvc2ggSEQ6VXNlcnM6AGxhZHlidWc6AERyb3Bib3g6AERpc3NlcnRhdGlvbjoAUmVzb3VyY2VzOgBWb3dlbCBIYXJtb255OgBUdXJraXNoOgBQYWRnZXR0MjAwMi1mZWF0dXJlIzFFRUNDQ0IucGRmAA4AQgAgAFAAYQBkAGcAZQB0AHQAMgAwADAAMgAtAGYAZQBhAHQAdQByAGUAYwBsAGEAcwBzAHAAaABvAG4ALgBwAGQAZgAPABoADABNAGEAYwBpAG4AdABvAHMAaAAgAEgARAASAGNVc2Vycy9sYWR5YnVnL0Ryb3Bib3gvRGlzc2VydGF0aW9uL1Jlc291cmNlcy9Wb3dlbCBIYXJtb255L1R1cmtpc2gvUGFkZ2V0dDIwMDItZmVhdHVyZWNsYXNzcGhvbi5wZGYAABMAAS8AABUAAgAO//8AAAAIAA0AGgAkAG0AAAAAAAACAQAAAAAAAAAFAAAAAAAAAAAAAAAAAAACoQ==}}

@article{jardinelocaltone,
	Author = {Adam Jardine},
	Date-Added = {2018-03-21 18:35:31 +0000},
	Date-Modified = {2018-04-02 14:50:05 +0000},
	Journal = {Phonology},
	Number = {2},
	Pages = {385-405},
	Title = {The local nature of tone association patterns},
	Volume = {34},
	Year = {2017},
	Bdsk-File-1 = {YnBsaXN0MDDSAQIDBFxyZWxhdGl2ZVBhdGhZYWxpYXNEYXRhXxAvLi4vLi4vUmVzb3VyY2VzL0phcmRpbmUyMDE2LWxvY2FsdG9uZV9kcmFmdC5wZGZPEQH4AAAAAAH4AAIAAAxNYWNpbnRvc2ggSEQAAAAAAAAAAAAAAAAAAADRUumMSCsAAAMUb+cfSmFyZGluZTIwMTYtbG9jYWx0b25lX2RyYWZ0LnBkZgAAAAAAAAAAAAAAAAAAAAAAAAAAAAAAAAAAAAAAAAAAAz4Y5tbqcI8AAAAAAAAAAAACAAIAAAkgAAAAAAAAAAAAAAAAAAAACVJlc291cmNlcwAAEAAIAADRUyHMAAAAEQAIAADW6qjPAAAAAQAUAxRv5wPMRnMACeDyAAmkNQACmDcAAgBeTWFjaW50b3NoIEhEOlVzZXJzOgBsYWR5YnVnOgBEcm9wYm94OgBEaXNzZXJ0YXRpb246AFJlc291cmNlczoASmFyZGluZTIwMTYtbG9jYWx0b25lX2RyYWZ0LnBkZgAOAEAAHwBKAGEAcgBkAGkAbgBlADIAMAAxADYALQBsAG8AYwBhAGwAdABvAG4AZQBfAGQAcgBhAGYAdAAuAHAAZABmAA8AGgAMAE0AYQBjAGkAbgB0AG8AcwBoACAASABEABIATFVzZXJzL2xhZHlidWcvRHJvcGJveC9EaXNzZXJ0YXRpb24vUmVzb3VyY2VzL0phcmRpbmUyMDE2LWxvY2FsdG9uZV9kcmFmdC5wZGYAEwABLwAAFQACAA7//wAAAAgADQAaACQAVgAAAAAAAAIBAAAAAAAAAAUAAAAAAAAAAAAAAAAAAAJS}}

@manual{R-base,
	Address = {Vienna, Austria},
	Author = {{R Core Team}},
	Organization = {R Foundation for Statistical Computing},
	Title = {R: A Language and Environment for Statistical Computing},
	Url = {https://www.R-project.org/},
	Year = {2016},
	Bdsk-Url-1 = {https://www.R-project.org/}}

@manual{R-papaja,
	Author = {Frederik Aust and Marius Barth},
	Note = {R package version 0.1.0.9655},
	Title = {{papaja}: {Create} {APA} manuscripts with {R Markdown}},
	Url = {https://github.com/crsh/papaja},
	Year = {2017},
	Bdsk-Url-1 = {https://github.com/crsh/papaja}}
